2934 4934
226 379 343 448 Opusc.
363 380 383 433 l.
401 378 633 450 Panegyricus
651 379 769 434 dictur
785 379 859 449 rapi
876 351 1090 434 Theoderico.
1158 381 1220 448 271

90 575 189 651 retur,
213 587 293 655 quae
314 589 376 637 non
399 573 501 639 selum
514 568 730 638 satisfacerent
745 569 933 648 uacemitati,
948 570 1004 635 sed
1018 570 1221 640 subleuareut

89 675 176 741 iuter
199 674 386 741 deliciarum
401 673 536 741 secunda
558 672 731 739 fastidium.
755 673 803 738 ita
817 673 973 755 prosperis
988 674 1053 740 tuis
1067 674 1221 743 militarit

89 776 270 843 aduersitas
291 779 325 844 et
339 779 454 845 contra
463 777 581 842 famem
595 776 720 842 tuorum
736 792 883 840 excursus
897 776 1054 859 pugnauit
1074 777 1220 846 hostilis:

86 880 171 946 uicit
193 879 333 946 inediam
355 881 486 948 inimica
507 879 695 964 congressio,
718 896 776 944 nee
789 877 921 944 redisses
943 879 984 946 ad
998 879 1218 966 ualitudinem,

66 985 113 1048 isi
138 984 310 1049 certamina
333 983 513 1050 defuissent.
537 983 614 1048 haec
636 985 674 1048 de
688 982 859 1048 innumeris
874 981 999 1050 antibus
1021 983 1056 1048 in
1079 985 1220 1051 ordinem

85 1085 215 1170 digesta
235 1084 404 1153 sufficiant
444 1091 568 1152 transeo
590 1085 750 1152 Sumatas
779 1103 853 1150 cum
880 1085 1016 1152 statim
1045 1087 1218 1172 migrantes

86 1191 122 1254 et
144 1190 272 1274 plebem
293 1190 491 1257 conflictuum
514 1193 711 1256 numeratam
734 1189 812 1255 sileo
834 1187 873 1254 de
895 1189 1044 1272 tropaeis.

132 1307 207 1374 libi
241 1327 313 1375 cum
343 1313 459 1376 rectore
487 1329 572 1387 mee,
602 1307 780 1388 cuononi,
809 1325 945 1389 occurro,
976 1311 1030 1392 qui
1054 1311 1217 1377 uniuersas

84 1415 198 1478 contra
221 1431 292 1478 eum
315 1413 456 1478 rabones
479 1411 566 1494 quasi
589 1411 670 1477 erbis
688 1428 854 1477 concussor
873 1413 1037 1480 excideras.
1062 1414 1111 1478 tot
1124 1431 1215 1498 reges

52 1517 195 1582 tetecum
218 1517 258 1580 ad
281 1515 364 1582 bella
385 1515 604 1591 conuenerant,
628 1515 704 1598 quet
719 1514 873 1580 sustinere
888 1515 1076 1598 generalitas
1098 1517 1216 1582 milites

83 1620 140 1686 uin
164 1618 301 1686 ualeret:
325 1619 549 1704 deprehensum
579 1619 627 1683 est
648 1618 753 1684 uarias
782 1635 850 1684 esse
872 1621 992 1685 ruentes
1014 1625 1218 1688 coaceruatae

83 1721 304 1789 multitudinis
338 1739 394 1788 nee
427 1740 515 1805 spem
548 1719 699 1787 sisarae
728 1722 835 1786 nanim
865 1721 904 1786 de
932 1741 1071 1788 numere.
1115 1723 1217 1790 adhuc

82 1829 214 1890 tuorum
238 1827 379 1891 dexterae
398 1824 436 1889 de
458 1823 656 1908 praecedeuti
678 1822 752 1888 tabe
776 1824 956 1891 titubabant
977 1844 1033 1890 uec
1046 1827 1215 1910 peragebat

82 1929 210 1993 uotiues
234 1927 370 2010 impetus
394 1927 605 1992 membrorum
627 1926 834 1994 inbecillitas:
856 1927 975 1993 suflicit
988 1930 1095 1994 tarum
1117 1947 1215 1996 uuum

51 2031 169 2097 uuella
196 2047 253 2114 pre
283 2029 405 2096 uiribus
436 2031 470 2096 et
494 2030 698 2096 indiscretum
728 2028 894 2095 eonsilium
921 2031 960 2096 de
989 2031 1125 2098 inimicis
1147 2034 1214 2097 loeo

82 2132 207 2201 roboris
230 2133 342 2199 attulit
362 2133 524 2200 ultionem.
547 2151 610 2198 neu
631 2135 663 2199 te
679 2135 782 2199 castra
803 2135 897 2218 longe
919 2135 1042 2200 munita
1063 2137 1213 2220 tempore,

81 2257 145 2303 nou
177 2237 318 2302 fluminis
353 2234 505 2319 protunda
533 2237 716 2302 tenuerunt:
760 2237 869 2301 datum
905 2242 953 2302 est
981 2237 1122 2304 hostibus
1150 2241 1223 2306 tuis

81 2341 206 2406 uallum
229 2339 423 2421 mustruere,
446 2357 508 2406 nou
530 2340 621 2406 tueri.
659 2340 785 2424 repente
813 2357 947 2423 aequora
968 2340 1129 2423 fugacium
1150 2345 1215 2409 dis·

82 2461 193 2510 cursus
216 2445 358 2523 obnubit,
380 2463 437 2526 per
452 2461 530 2526 quae
545 2446 754 2526 superandam
772 2443 976 2510 domesticam
990 2447 1211 2527 tempestatem

51 2545 274 2614 subeuntibus
295 2545 454 2612 indixisti:
499 2547 617 2612 interea
645 2548 726 2612 acies
748 2547 823 2612 tuae
845 2547 971 2628 aspectu
994 2548 1213 2613 consummant

81 2651 211 2733 proelia,
235 2667 298 2715 neu
321 2649 435 2716 labore.
451 2647 519 2714 illio
535 2649 592 2714 tibi
608 2648 689 2714 feres
705 2651 857 2714 reserauit
872 2648 1017 2729 felicitas,
1040 2651 1210 2718 manifeste

83 2753 234 2838 detegens
258 2753 338 2836 quod
361 2755 414 2835 qui
436 2751 572 2837 primore
599 2752 667 2818 loeo
690 2757 848 2818 cesserant
870 2755 1003 2818 secunda
1030 2772 1082 2818 eos
1110 2755 1212 2818 luota-

82 2859 169 2922 mina
191 2873 255 2921 non
284 2857 451 2921 manerent
498 2856 554 2921 sed
582 2855 729 2920 instruxit
758 2872 864 2920 rursus
892 2856 925 2921 iu
953 2857 1133 2939 deceptione
1162 2855 1211 2922 sui

81 2976 170 3026 mens
206 2975 290 3042 uaga
318 2957 513 3036 conflictum,
544 2958 620 3023 dum
649 2959 731 3042 apud
761 2957 917 3023 Veronam
954 2963 1043 3023 tuam
1079 2959 1211 3044 apparat

114 3237 129 3287 1
156 3231 207 3303 qui
233 3231 297 3287 MT
396 3231 414 3284 2
439 3229 592 3286 diliciarum
619 3231 646 3284 Β
749 3231 767 3286 3
790 3232 923 3302 excursus]
943 3233 1042 3288 esuries
1061 3233 1142 3289 Sim

80 3321 186 3374 luieat
207 3317 235 3372 B
328 3317 463 3374 maediam
482 3318 509 3372 V
600 3318 769 3388 cougraessio
788 3318 816 3373 B
913 3318 1023 3374 redisais
1040 3319 1081 3374 Βι
1098 3321 1210 3391 occid,

80 3405 196 3461 redisset
214 3404 242 3459 L
336 3404 353 3460 5
370 3403 404 3474 si]
424 3403 463 3458 sic
481 3404 508 3459 L
602 3403 618 3456 l
637 3407 737 3474 tropeis
755 3404 790 3471 B,
817 3404 938 3475 tropheis
954 3405 1049 3469 Mi'V,
1076 3407 1210 3474 crophaia

81 3493 124 3558 (il
142 3492 227 3552 esce.)
248 3487 276 3544 L
379 3489 413 3546 10
438 3492 512 3545 tecti
537 3490 565 3545 L
670 3489 740 3560 quod
765 3489 791 3545 Β
894 3493 927 3546 11
945 3491 1155 3561 depraehensum
1173 3493 1210 3558 B,

79 3577 231 3648 dephansns
255 3575 283 3631 L
386 3577 553 3632 coacerbatae
575 3576 603 3631 Β
708 3576 741 3631 13
769 3577 876 3657 derare
899 3576 982 3634 Sim.
1087 3577 1210 3634 titubant

79 3681 129 3736 Bb
237 3681 270 3735 14
288 3679 395 3734 uatiuos
412 3695 444 3750 p,
471 3679 581 3734 notibus
599 3680 665 3736 libri
776 3681 809 3735 15
826 3680 1005 3736 indascretum
1021 3681 1062 3746 B,
1089 3667 1214 3739 induere?

79 3773 151 3850 (crac
165 3765 319 3834 tarasii*
404 3765 437 3820 16
454 3765 571 3820 ultiones
592 3767 628 3821 Τι
714 3767 794 3835 longe
812 3765 840 3820 Β
927 3767 959 3821 19
976 3765 1096 3821 obnunet
1113 3768 1142 3822 Β

80 3868 298 3939 superandumB
384 3871 547 3938 potestatem
561 3869 597 3925 Β
690 3867 950 3955 boabenertibusT
1033 3872 1083 3926 tna
1100 3872 1140 3938 cp

79 3976 266 4029 consummant
289 3973 359 4039 ΜΤ,
389 3974 551 4029 censumarit
575 3971 640 4041 BV,
671 3973 865 4030 mnsummarit
887 3974 927 4034 L.
957 3974 1156 4029 consummarit
1174 3988 1206 4044 p,

79 4060 249 4116 consumauit
266 4059 295 4124 br
318 4061 421 4114 interea
439 4061 484 4130 (=
495 4059 570 4124 dum)
588 4075 612 4115 a
630 4063 678 4114 tna
695 4076 719 4115 a.
737 4062 933 4115 consummaret
949 4061 1016 4126 fert.
1109 4060 1145 4114 24
1162 4076 1209 4130 ap-

79 4149 156 4214 parat
172 4144 260 4201 locum
277 4145 343 4200 belli
361 4148 411 4210 (cca
422 4145 540 4202 bellandi
551 4145 578 4214 i)
595 4146 702 4216 scripsi,
726 4147 885 4217 apparatum
897 4145 990 4200 nubeli
1002 4145 1139 4213 BLTVb,
1162 4161 1209 4216 ap·

78 4233 202 4298 paratum
219 4229 287 4286 ibali
305 4231 345 4297 (in
356 4231 421 4286 belIi
435 4230 475 4300 D)
494 4231 567 4299 Dii,
591 4235 722 4302 apparatu
740 4230 854 4287 inhabili
870 4233 916 4288 aet
938 4235 1096 4302 apparatum
1114 4231 1208 4288 nubilo

61 4329 64 4332 ·
79 4317 229 4386 poposcit
246 4316 352 4389 nona,
377 4321 535 4388 apparatum
547 4317 584 4388 (l)
602 4317 706 4376 imbelli
724 4319 791 4375 corat
811 4318 938 4376 &tecm
