2934 4934
387 359 510 478 'Opnac
528 407 582 463 ΠΙ.
605 407 684 462 Vita
702 407 732 464 B.
751 407 931 478 Epiphani.
1165 411 1229 478 339

93 598 259 684 popularis
288 597 417 665 affectus
449 603 481 664 et
510 600 633 683 maguis
663 599 854 664 successibus
883 597 1106 664 cumulabatur
1131 615 1227 676 amor,

95 704 151 786 qui
174 721 211 767 ex
234 700 351 766 iudicio
374 699 591 767 descendebat.
615 699 857 766 desiderabatur
875 699 983 765 inille
1006 701 1227 780 sacerdotium,

94 824 170 871 cum
192 807 289 870 nemo
306 803 470 870 uutdmris
495 805 560 870 eins
583 805 709 886 optaret
730 803 904 869 interitum.
937 804 1046 887 ipsum
1059 805 1168 871 nmen
1190 825 1228 870 us

94 907 172 974 odor
194 906 319 990 quidem
350 907 444 973 huius
467 907 619 990 opinionis
640 905 825 971 afflauerat:
857 905 1134 972 arbitrabatur-ad
1156 927 1229 992 pro-

71 1011 219 1076 aiectum
241 1029 333 1076 snum
356 1011 510 1095 sufficere,
533 1009 561 1075 si
585 1028 657 1075 cum
674 1013 755 1076 bona
776 1025 901 1092 semper
923 1008 1141 1075 aestimatione
1164 1029 1229 1076 ser-

93 1113 189 1179 uiret.
228 1117 395 1198 postquam
427 1119 532 1179 temen
564 1112 705 1179 iuuabde
737 1115 882 1177 tenedus
909 1113 944 1177 et
970 1127 1093 1195 semper
1119 1115 1157 1178 de
1178 1117 1227 1180 in·

93 1217 300 1282 firmitatibus
331 1215 461 1299 querula
483 1216 697 1281 uenerabilem
718 1216 824 1280 uirum
846 1211 1027 1295 Crispinum
1046 1215 1228 1298 pontificem

93 1318 284 1402 occupauit,
322 1319 415 1385 istius
452 1319 687 1384 sustentabatur
723 1318 885 1396 menibus,
922 1315 965 1381 in·
994 1316 1089 1384 buius
1125 1320 1227 1385 nitens

93 1421 276 1507 exigebatur
308 1423 481 1506 amplexus,
513 1439 568 1506 pes
601 1421 689 1487 iilius
717 1424 785 1487 erat
818 1421 924 1487 oculus
958 1418 1103 1488 dextera:
1138 1424 1226 1489 cuius

59 1547 84 1584 ιο
93 1526 275 1592 ministerio
297 1525 442 1607 quicquid
464 1525 604 1608 optasset
625 1523 693 1588 deri
716 1525 790 1589 ante
811 1522 978 1588 iussionem
993 1519 1088 1589 suam·
1098 1523 1227 1591 uidebat

94 1629 273 1712 impletum.
311 1627 527 1710 praesentiunt
557 1629 642 1695 euim
665 1629 763 1694 bonae
784 1628 909 1692 mentes
930 1641 1041 1691 eorum
1064 1627 1227 1707 desideria,

93 1733 212 1816 quibus
249 1749 322 1798 cum
358 1731 540 1816 integritate
577 1730 780 1797 famulantur.
824 1730 900 1796 talis
935 1731 968 1795 iu
1005 1730 1176 1796 diaconatu
1208 1750 1228 1797 a

92 1837 248 1902 uicesimo
269 1835 424 1918 incipieus
446 1839 515 1902 octo
537 1853 634 1901 annos
663 1834 809 1917 inpleuit
837 1835 870 1898 et
884 1833 1010 1916 quidem
1024 1836 1103 1898 tuno
1125 1834 1227 1901 statum

93 1939 249 2005 ecciesiae
280 1937 455 2004 Ticineusis
493 1939 574 2004 bona
610 1937 794 2003 clericorum
827 1936 918 2019 fruge
951 1935 1103 2018 pollebat.
1137 1940 1227 2003 erant

58 2065 84 2106 re
94 2043 244 2110 scelestes
273 2042 345 2120 uiri,
377 2061 452 2124 quos
475 2041 536 2108 iste
557 2060 577 2107 a
597 2041 789 2124 perfectione
809 2039 963 2120 incipiens
985 2041 1143 2106 anteibat:
1164 2039 1226 2106 tuit

93 2146 248 2213 Siluester
268 2145 503 2212 archidiaconus
527 2163 562 2210 ea
584 2145 785 2228 tempestate,
811 2143 903 2209 bomo
926 2143 957 2210 in
980 2146 1107 2210 uetusta
1129 2144 1225 2211 disci·-

92 2250 254 2333 pliuarum
287 2249 494 2315 instructione
527 2241 784 2332 probatissimum
822 2247 884 2312 init
913 2249 963 2312 nir
991 2247 1225 2330 insignissimus

92 2355 236 2420 Bonosus
269 2355 449 2436 presbyter,
482 2355 547 2416 tem
581 2351 696 2418 nobilis
729 2345 898 2418 sanctitate
932 2367 1027 2434 qnam
1044 2390 1048 2399 ·
1065 2345 1225 2434 mugnus,

93 2456 206 2523 Gallus
227 2457 353 2540 'quidem
377 2455 536 2539 prosapia,
567 2455 621 2521 sed
643 2455 786 2521 caelestis
808 2450 970 2538 indigena:
1004 2454 1092 2518 inere
1116 2453 1171 2519 alii
1193 2459 1224 2518 et

58 2547 227 2626 annumero
258 2563 362 2644 plnres
386 2561 419 2624 et
441 2561 561 2625 uirtute
593 2561 798 2642 praestantes,
832 2575 964 2639 quorum
1002 2555 1117 2624 idcirco
1146 2559 1225 2623 iacio

91 2663 304 2744 mentionem,
335 2664 410 2746 qnia
436 2682 534 2745 perus
557 2663 647 2728 laude
669 2661 784 2746 diguus
806 2664 855 2727 est
877 2661 933 2744 qui
953 2662 1082 2725 tautum
1103 2660 1226 2727 miseris

92 2768 278 2834 antefertur.
1106 2774 1109 2780 '
1165 2781 1168 2786 ·

134 2887 228 2955 circs
249 2887 342 2953 finem
365 2892 471 2954 tamen
492 2888 593 2966 uitae,
617 2883 709 2970 quem
732 2886 846 2969 spiritu
867 2878 1077 2969 praecidebat
1098 2885 1224 2950 structus

86 2992 236 3070 eutistes,
260 2979 473 3058 Mediolanum
495 2991 632 3056 uicinam
655 2990 786 3073 expetiit
808 2989 980 3067 ciuitatem,
1003 2988 1058 3053 ubi
1073 2988 1225 3055 ucbilium

58 3097 235 3179 egerminc
256 3097 355 3161 messe
377 3098 511 3178 quadam
534 3097 672 3160 mundae
686 3093 893 3178 ingenuitatis
909 3080 1125 3160 exercuerant
1147 3108 1224 3176 oues

92 3199 284 3264 uisitationis
307 3199 411 3283 grstia
425 3197 593 3282 requisitos
608 3198 726 3265 talibus
741 3198 793 3263 uir
807 3198 858 3263 dei
873 3196 1070 3263 sermonibus
1084 3196 1224 3281 appella·

92 3303 162 3369 uit:
199 3303 299 3382 “eoce,
332 3301 396 3381 iili,
430 3303 494 3367 nm
519 3320 570 3367 me
593 3306 679 3367 astas
702 3301 852 3386 conpellit
873 3303 915 3366 ed
936 3301 1122 3367 transitum:
1160 3300 1223 3366 iam

145 3558 314 3614 lamach
417 3557 626 3627 tillo]eon
730 3557 958 3627 teins1auin
1032 3558 1157 3629 'need

90 3642 299 3713 5proficereT
387 3643 552 3712 tqucemn
569 3645 597 3698 Β
684 3643 878 3712 9cregebstur
894 3643 923 3696 Β
1009 3643 1099 3698 oculos
1117 3641 1155 3697 Is

91 3729 125 3783 10
152 3727 285 3798 quidquid
312 3730 340 3786 Β
404 3778 412 3798 ,
443 3729 475 3785 11
504 3730 674 3799 presentiuut
700 3725 783 3796 LTV
884 3728 922 3784 12'
940 3739 1000 3784 cum
1017 3746 1069 3784 cm.
1091 3729 1136 3797 1⁷¹,
1158 3729 1224 3783 add.

89 3819 164 3872 ac2
269 3816 302 3872 13
324 3807 470 3872 uicensimo
488 3815 528 3883 Β,
555 3815 689 3885 uigesimo
706 3813 831 3872 L²Ps⁷²t
874 3804 877 3812 ’
933 3815 1053 3888 expleuit
1071 3814 1154 3871 Siren.

91 3923 125 3976 14
147 3921 259 3976 eclesiae
282 3922 309 3978 Β
351 3989 354 3998 Δ
407 3919 446 4000 ,15
469 3905 565 3976 anibat
588 3905 624 3984 P,
654 3901 803 3976 amabatb
907 3903 1042 3984 libonio
1059 3934 1111 3975 ore.
1132 3919 1158 3971 T

92 4007 124 4062 18
151 4006 284 4078 presbiter
311 4006 422 4062 BIrTV
524 4006 556 4060 19
580 4007 610 4060 et
631 4005 682 4063 alii
707 4005 749 4076 ΤΙ
802 4058 805 4068 ,
833 4005 867 4059 23
894 4004 1050 4086 ριφὶᾷὼεῐ
1074 3995 1161 4058 LTV

89 4129 125 4184 24
148 4127 265 4188 aurem
289 4128 318 4184 B
370 4186 380 4202 ,Ι
421 4127 456 4186 st
478 4141 607 4204 germana
625 4125 748 4204 ΙΒἾᾸΠ,
772 4125 979 4199 germanamL
1081 4097 1224 4180 cresces

91 4260 160 4304 eon.
189 4247 218 4303 a
320 4247 353 4302 er
380 4213 427 4302 sd
450 4247 489 4316 n,
520 4246 572 4301 sur
598 4245 682 4302 uss
784 4261 844 4299 me
865 4244 1036 4310 censens,
1064 4261 1124 4300 nm
1143 4249 1223 4301 uns

95 4333 122 4388 s
224 4331 355 4402 eorpus
372 4333 399 4388 n

1067 4435 1120 4489 22!
