2934 4934
332 478 337 490 ,
460 424 697 495 Epistularum
715 426 888 483 tiberim
1173 431 1235 498 113

107 619 317 696 incommoda,
339 616 415 683 dum
435 618 605 685 nominatis
625 618 761 702 patriam
785 618 1013 687 commendatio
1035 619 1139 687 amica
1160 638 1234 687 cou-

106 722 229 787 tulerit
269 721 380 803 quibus
420 721 633 788 remeantibus
664 721 775 787 nuntio
807 740 857 788 me
891 724 1015 789 uastae
1048 722 1233 791 ualitudinis

94 824 285 892 estimato.

636 995 705 1061 XX.

80 1139 97 1181 a
447 1132 633 1194 sucumve
652 1132 804 1191 IVLIANO
822 1134 853 1189 V.
876 1134 897 1190 L

149 1254 320 1321 Exercetur
350 1256 467 1321 bouum
490 1254 672 1340 diligentiae
693 1257 860 1341 scriptione
890 1257 1073 1342 multiplici:
1106 1258 1233 1343 liuguae

107 1360 192 1425 enim
225 1358 341 1425 iudicio
378 1360 552 1425 animorum
584 1363 701 1426 secreta
732 1360 922 1444 panduntur.
956 1360 1095 1429 adsiduis
1128 1378 1234 1427 curam

106 1462 251 1547 inpendit
265 1462 418 1545 adloquiis
434 1465 487 1545 qni
500 1463 601 1529 otium
615 1482 718 1529 amore
733 1466 919 1530 commutat.
942 1465 1019 1531 haec
1033 1468 1107 1530 sunt
1121 1464 1233 1542 officis,

104 1584 163 1649 per
184 1583 263 1647 quae
290 1565 407 1631 tacitum
437 1567 607 1632 innotescit
638 1566 778 1634 silemus.
815 1566 980 1635 familiaris
1004 1568 1149 1650 perlator,
1171 1568 1234 1633 uisi

66 1666 280 1734 acreddendae
301 1668 432 1734 culmini
454 1674 562 1734 neetm
588 1672 718 1752 paginas
739 1670 918 1753 accepisset,
953 1690 1004 1736 me
1027 1670 1163 1737 oblitum
1184 1690 1234 1737 re·

104 1776 269 1841 uerentiae
282 1772 409 1838 debitae
423 1774 601 1839 testaretur.
614 1776 717 1841 nescio
729 1774 813 1839 euim
825 1793 896 1841 esee
911 1775 1051 1841 cadmus
1067 1774 1234 1859 neglegens

105 1896 166 1945 nec
196 1878 321 1960 partam
354 1876 459 1943 labore
490 1876 626 1959 gatiam
653 1877 751 1960 quieti
785 1880 926 1943 seruiens
947 1876 1094 1961 eil'cgare.
1131 1874 1234 1943 multa

104 1982 203 2047 debeo
223 1980 320 2046 uerba
342 1979 468 2057 foederi,
501 1979 556 2046 sed
577 1979 618 2044 ad
638 1979 830 2045 breuitatem
856 1981 940 2063 cogit
973 1980 1114 2064 epistole
1150 1981 1229 2061 nale,

103 2085 153 2152 mi
175 2086 311 2163 domiue,
339 2084 486 2150 honorem
508 2084 637 2149 salutmi
659 2084 813 2168 accipiens
838 2086 871 2150 et
905 2085 987 2150 circa
1008 2103 1058 2149 me
1091 2084 1231 2151 adultum

25 2269 26 2276 ἵ
68 2207 197 2255 necrus
219 2187 441 2272 dignationem.
475 2187 522 2252 sio
540 2187 622 2252 bono
654 2186 687 2251 iu
709 2188 850 2254 modium
874 2190 1010 2255 adscitus
1042 2186 1231 2271 reipublicae

103 2296 144 2360 de
167 2290 331 2358 felicitatis
352 2295 428 2357 tuae
448 2291 656 2357 diuturnitate
678 2292 859 2375 gratuleris.

626 2497 712 2564 XXI.

359 2632 583 2690 CONSTANTIO
600 2630 771 2688 EPISCOPO
790 2630 983 2688 ENNODIVS.

144 2755 286 2840 vigilius
309 2755 515 2822 subdiaconus
544 2758 647 2821 uester
679 2754 812 2838 experiri
834 2755 936 2820 uoluit
969 2756 1085 2837 quauta
1106 2756 1185 2821 mihi
1207 2773 1227 2821 a

70 2860 193 2926 anobis
218 2860 332 2925 casitas
354 2858 535 2926 redderetur
562 2863 595 2923 et
623 2859 663 2923 ad
689 2858 883 2923 occasionem
906 2857 1063 2942 proiectus
1086 2858 1135 2923 sui
1157 2876 1230 2923 cou-

105 2963 297 3029 iuuctionem
309 2966 449 3029 nostram
457 2966 585 3029 conatus
596 2962 757 3041 adducere,
774 2962 893 3027 etatum
905 2960 1231 3038 internosamicitice‚

106 3068 179 3133 dum
204 3068 337 3150 angetur
349 3066 528 3144 honoribus,
550 3067 622 3131 uult
632 3064 748 3144 metiri,
766 3066 921 3148 quatenus
937 3064 1094 3147 adipsum
1109 3064 1230 3130 fructus

106 3171 220 3249 redeat,
244 3189 338 3252 quem
360 3187 396 3234 ex
418 3168 599 3253 diligentiae
622 3186 723 3234 messe
746 3166 951 3233 condidimus.
985 3168 1077 3253 hunc,
1112 3169 1140 3233 si
1161 3184 1229 3233 me·

107 3292 182 3354 reor,
213 3273 254 3341 ad
276 3272 410 3339 diaconii
442 3275 637 3339 sacramenta
657 3272 833 3357 perducite,
869 3274 905 3337 ut
927 3270 1065 3355 dignitas
1097 3270 1231 3354 praefati

71 3377 147 3443 aad
166 3396 254 3460 spem
275 3377 354 3443 mihi
381 3376 523 3461 proficiat
554 3378 673 3442 mucra
704 3374 859 3458 poscendi.
897 3377 951 3441 sed
984 3374 1229 3461 repetitionem

157 3633 174 3687 n
191 3632 340 3701 moreau]
357 3630 421 3686 enit
437 3631 504 3687 aec.
521 3632 551 3686 Β

157 3736 213 3793 XX.
249 3738 268 3791 6
285 3737 414 3791 exercitur
431 3735 460 3790 Β
545 3734 702 3807 diligentias
713 3734 811 3790 bonum
830 3734 877 3791 Pb
962 3736 980 3791 8
997 3736 1123 3807 alloquiis
1140 3736 1229 3805 ΜΨ,

108 3822 218 3893 eloquiis
236 3824 286 3879 Po
389 3822 407 3876 9
431 3839 484 3893 que
509 3823 538 3878 Β
639 3822 675 3877 10
700 3823 818 3877 culmine
844 3822 873 3877 B
976 3824 1118 3894 accipisset
1135 3824 1164 3878 B

110 3909 141 3963 11
161 3910 274 3979 mune}
299 3914 404 3964 cosmae
427 3908 510 3965 Sim
612 3912 777 3964 miscentur
800 3908 829 3962 Β
931 3910 1054 3965 mutatis
1077 3921 1133 3963 esse
1150 3908 1231 3963 LPT

111 3994 153 4051 Vt
241 3995 364 4065 uegliens
381 3995 411 4049 B
508 3994 860 4066 liutomiricensis
954 3996 988 4051 lt
1004 3994 1118 4051 loedu'is
1135 3994 1161 4049 Β

107 4081 155 4135 ad
170 4082 198 4151 (b
214 4084 295 4150 erus.)
312 4082 340 4137 L
443 4082 478 4136 14
494 4082 578 4137 saluti
596 4082 624 4137 Β
726 4082 761 4136 16
779 4080 935 4151 gratuleris]
952 4081 1016 4136 iiuit
1033 4080 1096 4136 cdd.
1115 4081 1145 4135 Β

157 4183 225 4242 m.
262 4186 517 4242 renunciare
598 4169 642 4241 if
654 4186 680 4241 r
762 4186 798 4241 so
815 4186 1029 4242 monens*
1067 4202 1073 4217 ι
1114 4200 1229 4257 mpro-

107 4269 191 4328 tans
205 4274 233 4330 L
337 4273 372 4327 22
396 4274 525 4344 quatinus
553 4274 580 4330 Τ
677 4274 713 4329 24
737 4273 844 4329 diaconi
871 4272 914 4329 ΕΒ
1016 4271 1162 4343 perducitis
1180 4272 1229 4340 1³¹,

106 4358 289 4424 mducstsc

160 4460 204 4517 vn
1109 4463 1126 4517 e
