2934 4934
457 416 691 486 Epistularum
708 416 797 471 liber
813 418 837 471 1.
1168 420 1210 487 29

91 627 165 690 quae
185 627 239 672 me
261 607 359 673 faeiat
382 606 497 689 seriptu
517 607 682 689 porrigere.
718 608 812 673 reddo
834 605 1031 673 salutationis
1053 608 1207 689 obsequia,

89 714 213 793 propter
227 729 306 793 qnae
320 710 557 793 promulgantur
572 710 730 792 epistulae,
747 710 804 775 deo
820 710 997 793 supplioans
1012 715 1048 774 ut
1064 710 1207 776 caelestis

89 814 318 895 dispensatione
347 812 490 878 beneficii
520 813 553 877 in
580 813 660 878 bona
682 813 854 879 ualitudine
881 810 1007 897 degenti
1034 814 1208 895 praesentia

86 914 297 997 magnitudini
319 919 443 979 uestrae
458 918 554 980 uerba
568 914 747 981 reddantur.
769 915 850 998 quod
871 916 1001 999 resipiat
1018 919 1124 981 tamen
1139 934 1208 997 por·

67 1018 162 1082 utitor
184 1018 241 1101 qui
263 1018 393 1101 alloquii
415 1018 602 1083 oeensionem
625 1017 791 1100 praestitit,
816 1035 898 1084 ame
916 1038 971 1101 pro
992 1018 1208 1085 nioissitudine

85 1122 333 1187 sommendatur.

588 1290 706 1356 XVIII.

472 1426 607 1483 nunno
633 1426 823 1483 BNNODIVS.

136 1552 242 1633 Quam
274 1554 353 1616 bene
387 1548 467 1632 qnod
502 1548 672 1614 uerecunde
707 1550 810 1614 renuis
846 1550 977 1615 lelioitor
1011 1550 1144 1615 imitaris
1175 1551 1208 1615 et

53 1656 157 1719 edum
180 1653 364 1719 difficilibus
378 1652 630 1735 magnitudinem
645 1655 734 1718 tuam
752 1654 899 1737 exemplis
916 1654 1052 1735 quereris
1068 1652 1205 1731 inuitari,

21 1739 22 1828 i
81 1756 232 1822 narrandi
265 1774 410 1840 pompam
440 1772 533 1837 quam
561 1756 703 1821 adsertor
734 1758 859 1822 idoneus
882 1757 999 1841 refugis
1021 1756 1202 1821 ostendisti!

21 1855 22 1950 ἶ
79 1861 256 1943 amplector
270 1858 435 1926 amabilem
450 1860 670 1941 allegationem
686 1860 869 1935 formidinis,
887 1878 980 1942 quam
995 1861 1028 1925 in
1042 1860 1073 1923 te
1088 1860 1204 1941 ingenii

21 1956 22 2044 l
80 1964 193 2027 diuitis
215 1982 296 2029 uena
318 1963 522 2027 commendat.
560 1963 630 2027 nolo
658 1961 820 2027 colendum
841 1963 929 2028 bonis
951 1962 1071 2045 patrem
1093 1960 1127 2027 in
1148 1962 1203 2027 ad-

21 2046 22 2136 i
80 2066 268 2133 hortationis
296 2067 370 2131 tuae
396 2065 535 2148 positum
556 2083 704 2148 pauescas
727 2065 889 2149 exemplis:
919 2065 958 2129 ab
986 2065 1051 2147 ipso
1073 2065 1206 2129 ueniunt

21 2139 141 2234 lenta
171 2188 253 2252 quae
280 2168 425 2252 loqueris.
469 2170 533 2234 seio
563 2186 641 2251 quae
669 2187 781 2235 aurum
813 2168 916 2251 pariat
948 2172 1031 2232 terra
1058 2166 1203 2247 nobilius,

78 2276 171 2339 onius
200 2272 260 2338 soli
285 2272 407 2337 nutrita
435 2270 554 2336 sinibus
584 2272 713 2337 metalla
735 2272 805 2354 plns
835 2272 979 2336 rutilent:
1013 2288 1103 2354 saepe
1127 2270 1205 2334 mibi

77 2377 169 2443 labor
193 2375 301 2441 effioux
323 2373 491 2457 inquirenti
513 2374 636 2439 altrioia
663 2374 753 2457 terga
780 2374 860 2439 fului
883 2374 1017 2439 ostendit
1039 2374 1204 2439 elementi:

76 2482 140 2546 seio
177 2498 259 2561 qnae
285 2479 420 2543 oonohae
447 2478 594 2561 superbae
616 2478 717 2563 pretio
738 2494 879 2559 gemmas
909 2476 1087 2555 inolndant,
1122 2473 1204 2541 unde

21 2578 22 2618 ¹
76 2583 188 2648 ueniat
210 2581 291 2665 lapis
312 2580 453 2662 imperiis
474 2578 601 2664 genium
625 2581 811 2646 conlaturus.
848 2598 909 2645 non
937 2579 1101 2664 inperitiae
1124 2579 1205 2662 quod

46 2687 137 2752 esaei
160 2684 314 2768 adplioea,
336 2703 399 2750 non
421 2686 525 2751 errori.
546 2685 608 2749 uiri
630 2685 722 2749 fortis
744 2687 904 2769 progenies
921 2701 1077 2749 armorum
1092 2683 1204 2748 faeiem

76 2790 162 2855 inter
197 2788 297 2871 patris
323 2787 463 2870 agnoseit
491 2789 651 2870 amplexus
685 2793 717 2853 et
745 2791 819 2855 dum
852 2791 980 2853 naturae
1013 2786 1203 2869 obsequitur,

77 2892 173 2958 disoit
196 2907 302 2957 amare
324 2894 486 2957 terrorem.
519 2890 681 2957 dootornm
702 2891 791 2959 radin
813 2892 911 2969 Maro,
934 2890 1032 2955 uestri
1052 2888 1204 2953 formator

77 2995 208 3077 eloquii,
231 2995 277 3059 eie
299 2992 474 3061 animatum
495 2994 598 3061 uerbis
619 2996 718 3078 patris
740 2994 841 3061 lilium
863 2996 1024 3071 memorat,
1047 2996 1083 3057 ut
1098 2989 1199 3057 ditat:

77 3098 202 3177 disee,
217 3116 327 3180 puer,
343 3097 535 3162 uirtutem
549 3117 593 3163 ex
608 3116 680 3176 me,
702 3099 734 3163 et
748 3098 843 3165 alibi:
860 3101 898 3163 et
912 3097 1024 3180 pater
1039 3095 1201 3160 Aeneas.

45 3199 234 3282 annmqnid
260 3199 315 3264 ille
340 3199 405 3267 iam
433 3199 566 3267 fortibus
593 3202 633 3265 ad
664 3202 834 3267 oertamina
859 3199 990 3265 brachiis
1013 3197 1199 3281 adsurgebat

182 3404 216 3459 24
233 3404 314 3472 Verg.
332 3405 396 3459 den.
419 3402 444 3457 X
460 3404 589 3459 tatano.

127 3593 141 3646 1
174 3590 275 3646 scribta
299 3592 329 3645 Β
447 3593 467 3648 4
492 3591 562 3661 quod
587 3591 757 3659 BLPTVb;
786 3594 818 3647 ut
846 3592 911 3663 quid
936 3592 982 3647 uel
1009 3590 1148 3661 praestitit
1174 3593 1202 3645 et

72 3694 141 3759 fort.
185 3751 188 3755 Δ
246 3693 361 3763 resipiat
381 3695 485 3749 Tales
500 3710 556 3757 roa,
657 3695 881 3751 duieessitndine
898 3695 927 3750 Β

124 3828 232 3885 XVIII.
262 3804 427 3886 BreirnieL
444 3846 494 3886 ne.
507 3832 525 3886 l
539 3849 572 3886 m.
586 3835 614 3901 2,
632 3848 746 3888 rennues
764 3833 792 3888 Β
878 3835 911 3889 10
924 3834 1104 3904 quaererisB,
1122 3850 1201 3904 qnae

73 3914 112 3967 ris
130 3914 258 3969 LPYVb
362 3918 395 3971 12
421 3916 619 3987 adlegationem
648 3918 676 3973 Τ
775 3920 809 3976 14
834 3922 954 3990 panissas
981 3920 1009 3974 B
1111 3920 1200 3976 1510-

73 4003 169 4069 quaris
183 4000 212 4056 L
297 4001 433 4057 nobilibus
450 4002 489 4056 13¹
575 4004 607 4058 16
624 4003 746 4073 signibus
765 4005 797 4070 P,
817 4004 959 4075 ignibusb
1058 4006 1090 4059 ll
1109 4003 1201 4059 elfioax

76 4086 102 4139 T
117 4105 135 4141 x
153 4088 185 4142 in
201 4103 258 4141 rua.
360 4087 440 4158 fului]
459 4089 555 4145 fluuios
574 4088 622 4145 Pb
724 4091 844 4145 alimenti
862 4090 948 4146 BLV
1055 4093 1089 4145 18
1106 4106 1200 4145 eunom

71 4172 163 4229 BLV
280 4174 367 4243 preoio
393 4174 501 4230 LPI'V
620 4176 652 4230 19
678 4174 828 4245 Imperitiee
858 4174 914 4241 TV,
945 4176 1080 4247 impericia
1105 4176 1132 4231 L

71 4260 108 4312 20
125 4258 244 4328 appneee
261 4258 372 4314 LPTV
471 4260 505 4315 23
522 4259 634 4315 dulium
656 4262 682 4316 V
697 4264 729 4316 de
747 4277 823 4327 erue,
848 4261 968 4317 fidelium
985 4263 1012 4318 L
1114 4264 1200 4318 diaout

72 4344 99 4398 T
185 4344 492 4415 autoritatem.
578 4346 678 4401 25iam
690 4346 780 4413 BLV,
797 4353 854 4402 tam
867 4348 936 4405 PI'b
1021 4348 1118 4404 brasiis
1138 4349 1165 4403 Β
