2934 4934
582 335 696 406 Magni
713 335 840 391 Felicis
858 334 989 387 Ennodi

761 626 815 692 VI.

487 797 603 853 otono
621 796 667 850 ET
685 794 872 851 DEGORATO
893 794 1084 851 ENNODIVS.

266 940 398 1007 Permisi
425 939 572 1003 haetenus
600 937 848 1021 magnitudinem
881 938 1018 1003 nestram
1051 936 1260 1001 mobilitatem
1293 937 1348 1002 Li·

224 1061 337 1129 gurum
359 1044 494 1109 urbanae
515 1040 587 1105 fnoo
610 1038 831 1121 disputationis
853 1039 1016 1121 inoessore,
1039 1042 1112 1121 quia
1134 1041 1166 1104 et
1188 1061 1239 1106 me
1262 1042 1349 1124 origo

223 1146 373 1211 reddebat
394 1144 532 1209 alienum
555 1147 586 1207 et
606 1160 664 1207 uos
686 1142 726 1206 ab
748 1160 856 1206 eorum
879 1142 980 1224 oulpis
1003 1144 1178 1209 oonstuntia
1193 1145 1381 1227 pmmissae

223 1251 406 1315 seiunxerat.
440 1247 494 1312 sed
528 1264 598 1310 oum
635 1262 698 1310 nna
730 1245 814 1309 sorte
848 1244 886 1310 ab
916 1246 1013 1311 oeulis
1042 1247 1153 1311 nestris
1184 1249 1216 1312 ot
1244 1251 1350 1312 mente

225 1355 359 1436 disoessi,
381 1348 538 1433 praeeonis
554 1368 628 1415 nooe
644 1350 800 1413 contestor
821 1350 976 1415 neminem
992 1339 1145 1414 damnare
1161 1367 1249 1432 posse
1267 1350 1349 1432 qnod

224 1456 366 1538 seqnitur
393 1472 450 1519 neo
471 1453 557 1518 saluo
587 1453 704 1534 pudore
727 1452 916 1518 sententiam
941 1452 1113 1517 excessibus
1135 1453 1252 1517 diotare
1275 1470 1347 1536 peo-

224 1561 355 1625 oantem.
390 1557 437 1621 lae
466 1558 515 1621 est
543 1554 657 1621 liberos
681 1574 700 1621 a
728 1556 819 1619 reatu
843 1555 920 1621 uitia
948 1553 1111 1621 detestari:
1147 1554 1215 1637 quis
1251 1572 1350 1637 aequo

223 1661 326 1727 animo
353 1660 435 1724 ferat
462 1659 646 1723 monitorem
675 1660 755 1740 quod
783 1658 886 1723 uerbis
909 1657 1042 1723 destruit
1064 1658 1185 1723 notibus
1215 1677 1275 1723 non
1300 1660 1381 1723 ni-no

223 1766 312 1830 tare?
333 1762 489 1845 euangelii
519 1760 675 1826 sententia
697 1765 746 1825 est
768 1761 830 1842 qui
852 1760 997 1826 feeerit
1019 1765 1057 1827 ot
1085 1761 1268 1826 doouerit
1290 1763 1350 1826 sie

223 1866 353 1950 dignum
375 1866 424 1931 dei
447 1866 549 1950 gratia
578 1882 668 1946 posse
696 1864 835 1929 indicari.
865 1862 954 1930 uobis
983 1864 1122 1948 copiosus
1154 1882 1254 1929 sermo
1290 1868 1348 1949 est,

223 1969 365 2052 quotiens
388 1986 472 2033 error
495 1964 647 2051 arguitur,
671 1970 703 2031 et
720 1967 779 2031 snb
803 1967 1045 2032 conuersationis
1067 1966 1268 2051 neglegentia
1290 1985 1349 2049 pn-

222 2074 299 2136 ritas
322 2070 536 2154 ampleotenda
558 2069 734 2135 uerborum.
772 2068 952 2152 perdidistis
979 2071 1181 2135 lacrimarum
1204 2088 1350 2134 mearum

222 2176 423 2255 memoriam,
460 2192 554 2256 qnam
587 2172 815 2267 discedentibus
845 2172 962 2255 gemini
986 2172 1099 2238 doloris
1121 2173 1201 2238 lotus
1226 2171 1380 2238 effuditn

223 2297 292 2345 eooe
314 2260 423 2361 quanti
453 2277 518 2341 dies
547 2282 635 2360 snut,
668 2276 701 2340 in
731 2275 845 2357 quibus
868 2278 926 2340 sub
954 2277 1045 2340 tanta
1066 2274 1238 2357 frequentia
1261 2292 1350 2339 oom-

223 2384 382 2445 m‘eantnm
404 2380 491 2445 nulle
519 2395 616 2461 neque
640 2377 747 2441 domni
770 2377 832 2441 mei
854 2376 946 2442 amioi
975 2376 1071 2442 uestri
1102 2396 1199 2460 neque
1229 2382 1351 2457 uestra,

223 2502 301 2567 quae
329 2484 367 2547 de
394 2482 451 2547 illo
478 2501 545 2546 rem
573 2480 640 2545 noti
662 2480 811 2559 indioent,
845 2480 961 2562 scripta
984 2480 1128 2561 suscipio.
1169 2479 1351 2547 absolnistis

221 2586 398 2652 imitatione
420 2584 600 2668 culpabiles,
616 2602 677 2651 non
700 2584 782 2666 quod
798 2583 965 2666 Liguribus
988 2582 1126 2650 euenerit
1141 2582 1349 2666 propositum,

222 2693 373 2772 quantum
396 2708 452 2753 nos
475 2689 594 2767 diuitis,
623 2688 819 2753 infidelitatis
843 2686 997 2762 amittere,
1021 2690 1074 2753 sed
1098 2687 1179 2769 quod
1203 2705 1255 2752 eos
1278 2706 1381 2753 oon-so

221 2792 331 2877 tigerit
344 2792 503 2857 inuenisse
525 2792 558 2856 in
573 2791 622 2856 his
638 2809 715 2873 quae
731 2792 805 2854 snnt
818 2790 949 2856 uitanda
962 2796 1124 2855 oonsortes.
1149 2809 1222 2875 rogo
1239 2796 1347 2857 tamen

222 2893 351 2960 seruitio
374 2894 574 2961 salutationis
596 2893 748 2972 exhibito,
779 2896 815 2957 nt
843 2894 969 2958 taudem
998 2892 1162 2976 aliqnando
1183 2901 1350 2979 tamquam

221 2998 294 3062 boni
317 2997 434 3063 domini
456 3015 581 3079 prooum
603 3014 745 3061 mearum
773 3014 924 3062 memores
947 2996 1184 3079 prosperitatem
1208 3002 1349 3065 uestram

222 3101 272 3166 nel
295 3100 401 3165 domni
424 3100 486 3164 mei
508 3100 656 3165 amatoris
679 3099 777 3164 nestri
801 3100 942 3164 reseretis
964 3099 1079 3164 muniis
1102 3099 1292 3165 litterarum.

324 3321 354 3377 ll
379 3319 482 3376 nasot.
498 3321 523 3387 5,
543 3321 575 3375 19

271 3526 320 3582 Ἡ.
350 3524 524 3595 dpermibisi
541 3525 569 3580 Β
660 3528 770 3581 aetenus
788 3525 816 3579 Β
910 3525 1062 3583 mobilitate
1081 3526 1139 3581 LV
1227 3528 1349 3599 ligurum

221 3629 270 3684 Bb
353 3618 513 3685 lineosser'
529 3629 557 3685 Β
642 3630 842 3685 bseinnororat
858 3628 919 3685 LV
1002 3629 1179 3700 ldsnrpmre
1197 3632 1283 3687 LTV

220 3732 352 3797 sano,
378 3748 428 3787 om.
447 3733 530 3789 ΜΨ
631 3732 665 3788 10
691 3732 811 3786 dbtrnet
837 3732 864 3786 Β
968 3734 1002 3788 13
1027 3732 1198 3804 negligentia
1223 3736 1280 3792 ΒΤ

221 3834 254 3889 16
279 3833 422 3891 sumana
443 3834 483 3902 Β,
513 3836 664 3892 submotis
691 3836 718 3891 L
821 3836 1025 3893 eommoantium
1055 3838 1082 3893 Τ
1183 3840 1215 3895 17
1242 3840 1348 3897 dornlni

220 3936 291 3991 ΜΒ
394 3937 428 3991 19
447 3937 590 4006 eulpabilis
608 3938 656 3993 Bb
759 3938 890 4009 liguribus
912 3936 962 3995 Bb
1064 3941 1199 4024 otnsniret
1215 3942 1257 4010 Β,
1286 3960 1349 4001 ωο-

219 4042 290 4095 niret
307 4040 336 4095 Β
351 4041 384 4107 (s.
403 4039 422 4094 t
439 4056 473 4096 sa
490 4042 588 4109 nott
690 4041 727 4097 20
748 4041 844 4101 diaetis
867 4040 916 4096 Bb
1018 4041 1051 4099 tl
1076 4046 1208 4099 oonsortis
1225 4044 1276 4100 Bb

219 4142 364 4198 22e1ibito
375 4141 443 4199 BL²
536 4143 674 4199 23domni
687 4145 722 4210 B,
747 4145 849 4201 domini
862 4144 965 4202 LTVb
1060 4148 1234 4209 24nmot0ris
1247 4148 1276 4207 L

219 4246 319 4300 nestris
336 4245 364 4300 Β
382 4250 426 4313 (sa
445 4250 510 4317 reo)
528 4246 544 4301 b
