2934 4934
437 379 670 449 Epistularum
689 381 847 439 liberm.
1160 389 1200 455 89

89 569 273 655 eloquentia,
286 569 324 635 ab
335 568 459 653 inpacta
468 570 657 637 necessitate
671 570 841 655 subripuit:
860 589 1019 655 nunquam
1034 572 1094 637 fuit
1109 572 1201 655 digna

88 672 203 739 ultione
226 672 423 751 contumelio,
458 691 552 756 quam
573 672 675 739 iussus
697 672 851 738 exhibuit:
875 692 964 739 nemo
988 672 1200 740 oboedientem

69 774 166 857 ,irate
189 774 391 842 condemnet:
419 777 479 844 sibi
501 775 595 842 debet
615 775 730 843 inlotos
753 775 881 843 iniurias
903 778 940 842 de
964 778 1084 860 eloquio
1107 780 1201 843 msti-

87 878 176 943 osnte
192 878 247 961 qni
265 882 411 963 prouocat
431 879 621 962 imperitum.
644 880 843 963 supercilium
865 882 913 945 est
935 879 1116 946 celsioribus
1140 900 1202 945 uon

68 997 210 1061 operere,
239 983 338 1045 moins
367 980 394 1045 si
416 997 495 1064 quae
517 982 637 1047 nocens
659 981 854 1048 descendisse
876 982 915 1048 cb
935 982 1124 1064 obsequente
1148 983 1200 1048 de-

85 1083 207 1166 spicies.
241 1081 361 1165 inprobi
394 1082 536 1149 desiderii
568 1085 698 1166 putatur
730 1086 863 1152 adsertio
892 1103 953 1151 non
981 1103 1086 1151 emere
1120 1088 1199 1167 quod

87 1183 198 1269 exigis:
222 1184 433 1268 adstipuletur
454 1185 568 1250 iudicio
590 1204 645 1251 suo
659 1188 712 1269 qui
734 1206 894 1255 censuram
909 1185 947 1252 de
968 1186 1201 1271 obtemperante

86 1287 263 1368 suspendit:
291 1288 374 1354 mele
394 1288 535 1372 pertinen
558 1289 714 1355 districtio
736 1294 800 1369 est,
823 1306 900 1375 quse
922 1290 1070 1356 meritum
1092 1289 1125 1355 in
1146 1307 1202 1371 pa-

86 1391 173 1453 rente
195 1388 384 1456 considerat:
414 1392 560 1474 pudorem
588 1392 627 1457 eb
656 1391 791 1457 statione
819 1410 880 1458 non
902 1393 1019 1475 expulit
1041 1391 1094 1475 qui
1122 1390 1203 1477 quod

58 1490 226 1573 obloquitur
248 1493 337 1557 debet
358 1492 498 1576 imperio.
520 1495 624 1577 itaque
645 1494 679 1558 in
694 1494 783 1559 nobis
805 1496 885 1576 quod
900 1497 1004 1561 sordet
1027 1494 1202 1578 eloquentis

86 1594 323 1659 commendetur
342 1593 505 1677 obsequiis.
532 1614 588 1662 uos
609 1596 754 1661 sideritis
777 1596 867 1679 quale
897 1596 943 1661 sit
964 1594 1043 1679 quod
1065 1595 1202 1661 iussistis

86 1694 203 1760 offerri:
227 1714 286 1781 ego
307 1715 363 1762 nos
385 1698 450 1761 sine
473 1696 582 1762 frontis
604 1716 691 1763 meae
712 1698 873 1780 dispendio
896 1700 1045 1764 meruisse
1073 1696 1202 1763 cestium

86 1800 164 1881 quod
190 1798 388 1865 desiderastis
410 1800 559 1881 accipere.
581 1802 668 1865 teceo
690 1798 773 1864 inter
794 1800 864 1883 ista,
889 1819 965 1885 quse
981 1801 1117 1884 principe
1138 1798 1202 1864 iue-

85 1903 155 1965 runt
177 1900 245 1966 loco
267 1902 434 1986 narrando,
463 1901 705 1967 ecclesiasticam
727 1902 939 1968 bumilitatem
969 1905 1047 1987 quod
1080 1902 1203 1985 placere

57 2009 208 2087 repeteret
230 2005 398 2083 abiurasse,
422 2004 596 2070 orationum
610 2022 754 2087 pompam
770 2006 823 2087 qui
838 2004 1006 2071 orationem
1022 2002 1129 2087 diligit
1142 2020 1203 2068 non

85 2112 237 2186 secutum,
253 2107 401 2191 propositi
424 2106 666 2173 consideratione
689 2110 720 2172 et
742 2108 820 2174 illud
834 2125 885 2173 rue
901 2108 1007 2195 lugere
1022 2106 1103 2190 qnod
1118 2108 1203 2172 ducit

85 2210 124 2273 ed
145 2210 296 2292 glorium,
325 2210 414 2292 quusi
434 2208 549 2275 uitium
571 2209 724 2276 declinere
746 2211 892 2293 quioquid
914 2210 1047 2281 attollit,
1077 2210 1202 2293 culpam

85 2318 196 2395 putare
218 2315 299 2395 qnod
329 2313 421 2396 erigit
454 2316 508 2379 ent
533 2312 699 2391 sublimet,
732 2312 858 2395 perdere
887 2314 987 2379 instes
1019 2310 1204 2379 laudationis

85 2416 234 2480 meritum
256 2414 372 2481 fauens
398 2414 518 2481 affectu.
540 2414 769 2480 excusationem
792 2415 935 2481 ueritetis
958 2414 1127 2481 coloratam
1149 2432 1205 2496 pe·

56 2518 188 2583 seniculo
210 2536 272 2583 nou
287 2518 498 2600 praetendam,
520 2519 596 2583 dum
617 2517 743 2601 replico,
761 2517 841 2599 quod
862 2517 952 2597 illud,
969 2517 1114 2601 quioquid
1136 2520 1204 2580 stn-

87 2620 211 2686 diorunr
225 2620 352 2686 dederet
373 2637 448 2686 curs
468 2618 653 2695 liberalium,
669 2619 732 2684 iem
757 2618 879 2701 reliqui,
896 2619 976 2701 quod
999 2620 1088 2684 eluso
1104 2635 1201 2701 quon·

87 2722 157 2787 dem
181 2721 298 2804 copiosi
320 2720 458 2787 fluminis
478 2724 532 2787 nix
546 2720 664 2786 arentis
678 2722 772 2805 gutte
787 2721 935 2787 fundatur
957 2720 1080 2803 eloquii.
1103 2724 1202 2795 taceo,

87 2825 167 2904 qnod
189 2824 340 2907 lingnam,
362 2843 456 2907 quam
483 2842 558 2890 usus
579 2824 727 2891 mobilem
749 2824 874 2901 lecerat,
904 2822 983 2890 elter
1011 2840 1085 2889 usus
1106 2820 1204 2887 hebo-

85 2927 176 3006 tsuil,
200 2944 267 2992 esee
288 2944 344 3010 pro
365 2926 512 2996 fecundis
532 2926 707 3006 silentium,
739 2926 941 2995 abiectionem
964 2945 983 2990 s
1005 2924 1093 2991 nobis
1113 2922 1204 3007 diligi

57 3048 140 3110 apro
162 3032 301 3095 coturno.
323 3030 364 3095 sd
384 3030 463 3097 illud
484 3029 589 3095 redeo:
621 3029 695 3113 quia
715 3028 795 3095 milri
816 3047 876 3095 non
897 3028 990 3095 lienit
1011 3028 1095 3093 intre
1117 3042 1205 3093 uere·

86 3134 222 3199 cundum
253 3132 414 3215 penetrele
440 3131 621 3197 delitescere
648 3150 706 3197 uec
732 3130 928 3198 debilitetem
956 3130 1075 3215 ingenii
1102 3132 1205 3214 tegere

135 3421 155 3474 2
181 3420 256 3475 iusus
283 3417 310 3473 Β
411 3418 577 3474 obedientem
602 3418 688 3473 ΒΒΤ
785 3417 802 3472 3
829 3417 1006 3487 condempnet
1031 3414 1140 3471 LPTV

85 3514 103 3567 4
126 3514 271 3585 imperinm
298 3514 333 3569 ΤΙ
434 3516 450 3569 5
471 3514 631 3569 discendisee
648 3512 676 3567 Β
777 3510 903 3583 dispicies
921 3511 971 3578 Bb,
997 3509 1125 3580 despitiaa
1142 3509 1206 3577 LV,

86 3606 244 3677 despicicm
264 3609 291 3663 T
389 3608 406 3662 6
430 3610 539 3677 putetur
556 3608 583 3662 Β
686 3606 804 3674 lexiqit
821 3604 865 3661 Pb
967 3604 1066 3659 iuditio
1083 3602 1140 3658 LV

86 3708 223 3748 censuum
235 3708 311 3747 suam
325 3694 351 3750 Τ
432 3693 450 3747 8
463 3692 599 3749 destrictm
611 3692 668 3747 ΡΤ
749 3691 812 3746 9eb
823 3690 934 3746 stationi
947 3690 1044 3745 ΒΤΨ
1058 3688 1115 3757 (sed
1130 3690 1155 3744 ti
1171 3706 1205 3743 cc

86 3779 277 3834 ricorr.m.1
296 3778 341 3849 V),
356 3796 374 3835 s
390 3781 506 3835 emnem
522 3780 573 3848 Pb,
591 3778 742 3834 obstatione
759 3778 787 3831 Β
872 3776 906 3831 10
917 3774 1032 3831 uobisT
1116 3775 1148 3829 11
1159 3775 1206 3831 ob

88 3866 198 3934 require]
217 3864 329 3934 eloquiis
347 3864 373 3919 Τ
473 3867 506 3921 12
522 3865 616 3921 inferri
635 3864 662 3921 Τ
753 3862 847 3919 estimo
864 3861 892 3915 Β
996 3860 1028 3915 14
1045 3858 1206 3916 remsndem

91 3947 125 4002 1⁷⁸
234 3950 266 4005 16
289 3953 474 4022 propositi-m
501 3952 570 4021 (ouis
595 3952 768 4019 ferterus.)
794 3948 821 4004 L
923 3946 955 4003 1⁷
982 3946 1084 4002 uirium
1112 3944 1141 3999 V

88 4035 121 4088 18
141 4035 218 4089 iuste
236 4034 271 4098 Β,
297 4042 325 4091 st
342 4037 413 4092 rosto
435 4039 460 4093 Τ
556 4037 592 4091 20
616 4036 769 4107 pretendsm
795 4034 853 4090 BV
951 4034 983 4087 21
1010 4032 1112 4100 eblum
1135 4028 1162 4129 Β
1188 4046 1206 4085 ιι

84 4208 150 4271 sort.
248 4207 434 4263 repetierit
452 4208 488 4276 Β,
512 4207 694 4263 lesbiteuitL

85 4291 155 4346 illud
175 4307 212 4346 ω)
229 4292 302 4347 eliud
319 4292 347 4356 Β
363 4310 397 4350 rs.
414 4295 434 4349 2
535 4292 735 4349 esurituros
754 4290 813 4347 BV
