2934 4934
442 398 678 467 Epistularum
696 399 785 454 liber
803 400 840 455 Π.
1159 404 1201 469 39

88 588 144 651 eins
165 592 255 656 obitu
289 590 430 654 lamenta
463 588 637 671 coniungit,
670 590 744 671 qnia
766 591 832 653 eine
865 588 1039 671 pronieione
1071 589 1202 674 contigit

86 694 232 756 recentem
253 690 392 756 delorem
413 692 581 769 ostentare,
614 694 688 756 dum
710 691 858 773 loquitur,
890 692 924 755 st
946 690 1018 755 ante
1041 692 1201 774 legentum

85 795 180 859 ocules
213 813 335 877 semper
369 794 523 859 exulantis
556 793 703 876 spiritum
724 795 788 857 iam
812 792 867 857 diu
890 792 1028 859 defuncti
1060 792 1202 857 membra

85 898 251 963 monstrare
274 916 330 962 nec
350 914 499 979 umquam
520 896 587 979 pati
608 900 797 961 deterescere
831 897 992 961 relationis
1015 897 1075 961 fide
1097 896 1200 971 funus,

67 1001 159 1081 equod
182 1000 259 1065 anni
282 1000 448 1082 potnerunt
480 1000 614 1081 sepelire
637 1000 800 1065 transacti.
824 999 872 1064 hie
895 999 940 1063 ita
961 1016 995 1063 se
1016 999 1202 1064 habentibus

83 1104 236 1170 oculorum
258 1104 390 1169 flumina
411 1105 536 1169 refrena
557 1108 588 1168 et
609 1105 759 1181 animum,
783 1105 810 1169 si
833 1104 946 1187 placet,
968 1105 1007 1169 ad
1029 1106 1093 1169 eius
1108 1105 1202 1169 uerba

83 1212 231 1278 mnnerte.
256 1209 309 1289 qni
331 1208 390 1273 tibi
411 1208 487 1273 dens
509 1207 683 1273 consolator
705 1208 851 1273 occurrit.
881 1207 1023 1274 amisisse
1046 1220 1079 1272 te
1100 1205 1201 1271 lilium

82 1327 151 1389 pene
174 1313 303 1375 unicum
324 1316 357 1373 et
379 1310 476 1375 bonae
499 1310 621 1385 indolis,
644 1311 726 1393 qued
749 1311 850 1392 patria
871 1328 931 1375 ncn
953 1310 1056 1375 minus
1072 1310 1203 1391 requirit

82 1412 209 1490 armac,
242 1412 421 1495 prouinciae
443 1414 582 1478 ululatus
604 1414 749 1489 ostendit,
777 1430 846 1477 cum
871 1415 909 1477 ad
931 1413 1082 1477 solacium
1103 1410 1203 1495 gemi-

56 1518 166 1581 eruum
188 1523 318 1581 tuorum
340 1536 411 1582 snos
433 1518 563 1599 iungens
596 1516 672 1598 qnid
694 1517 733 1581 de
755 1534 790 1579 ee
812 1516 945 1580 senserit
975 1516 1111 1580 testatur
1133 1516 1203 1580 uni-

81 1622 221 1687 uersitas.
244 1623 408 1686 tutamen
430 1622 513 1685 inter
535 1620 598 1684 ista
620 1620 710 1702 quasi
731 1620 875 1701 specialis
898 1618 975 1683 mali
989 1636 1114 1700 pressus
1129 1637 1203 1682 nece

81 1724 282 1798 concluderis,
291 1724 433 1789 nesciens
441 1724 678 1805 temperandum
689 1723 772 1805 qued
782 1742 837 1805 per
846 1725 1016 1788 multorum
1028 1720 1203 1802 dispersum

81 1827 169 1891 corda
191 1843 358 1891 commune
380 1831 435 1891 est.
459 1844 554 1908 quare
578 1844 650 1909 erge
672 1828 827 1908 propriam
846 1824 991 1890 aestimes
1013 1823 1202 1889 anxietatem

80 1946 168 2009 quum
190 1947 283 1993 enam
305 1948 360 2012 per
380 1929 528 1995 affectum
550 1934 640 1993 tunm
668 1928 766 1993 fecere
790 1927 1055 2010 quamplurimi?
1089 1928 1201 2003 mcum,

54 2036 111 2095 auc
130 2033 168 2097 de
193 2035 327 2115 cognata
361 2034 453 2114 gente
481 2036 615 2108 taceam,
650 2028 770 2095 Gothus
794 2030 961 2112 adfligitur,
992 2032 1024 2095 et
1047 2032 1082 2095 tu
1105 2030 1204 2094 adhuc

79 2136 161 2215 quasi
182 2133 269 2199 selus
291 2134 424 2217 propriis
446 2134 585 2199 aestibus
607 2132 773 2198 subiacens
789 2133 972 2199 inclinaris?
987 2134 1145 2198 instruant
1161 2136 1203 2209 te,

79 2256 197 2319 quaese,
223 2242 365 2303 ueterum
389 2240 571 2303 ornamenta
593 2239 748 2303 maiorum
772 2239 839 2302 eta
859 2237 1007 2303 maeroris
1030 2238 1070 2302 ad
1091 2238 1203 2303 bonam

79 2341 281 2407 ualitudinem
316 2342 489 2407 intentione
522 2343 701 2406 restituant.
746 2340 908 2406 Abraham
942 2341 1069 2405 unicum
1102 2339 1203 2404 filium

78 2445 167 2509 morti
190 2445 283 2527 quasi
304 2444 374 2526 pius
395 2450 492 2527 pater,
514 2444 596 2526 qnod
618 2445 718 2517 maius
741 2446 798 2524 est,
824 2444 924 2507 laetus
947 2443 1086 2508 exhibuit
1109 2446 1140 2506 et
1163 2443 1202 2506 ad

52 2566 180 2613 onmem
203 2547 264 2612 filii
285 2565 465 2613 mucronem
487 2550 610 2629 genitor
630 2546 804 2612 misericors
820 2545 1025 2629 praeparauit.
1048 2548 1084 2611 tu
1098 2547 1201 2610 trans·

78 2650 172 2715 latum
208 2650 337 2715 caelesti
370 2649 485 2715 iudicio
518 2650 608 2732 qnasi
640 2651 766 2715 orbatus
800 2648 928 2731 inquiris
963 2651 994 2713 et
1022 2667 1114 2730 qnam
1142 2664 1202 2712 non

79 2752 229 2845 obtulisse
263 2754 463 2836 sacrilegium
491 2754 553 2819 luit
575 2754 656 2819 hunc
678 2772 787 2819 oneras
816 2754 938 2819 fletibus
961 2754 1134 2816 enecatum.
1171 2753 1204 2815 in

78 2876 135 2937 qna
163 2876 262 2923 causa
283 2856 469 2921 Dauidieum
503 2857 562 2921 tibi
583 2858 726 2921 occurrat
758 2858 940 2938 exemplum,
974 2854 1026 2935 qui
1056 2852 1203 2918 feretrum

78 2959 130 3023 lilii
155 2977 256 3025 ouans
279 2964 312 3023 et
335 2960 392 3023 dee
424 2959 560 3025 referens
592 2960 710 3041 gratias
743 2958 917 3031 antecessit,
952 2960 1032 3038 qnod
1065 2955 1203 3036 dignatio

51 3078 211 3144 teuperna
237 3064 275 3127 de
298 3063 468 3127 uenerandi
500 3062 666 3144 prophetae
699 3062 816 3127 semina
844 3079 936 3142 quem
959 3060 1036 3125 loric
1062 3078 1203 3124 munera·

123 3264 372 3335 lopitnlalmenta
388 3264 416 3317 Β
509 3264 656 3333 coniungat
673 3263 700 3316 B
797 3262 1137 3331 irecentemcontigiti'

77 3350 223 3419 legentium
242 3350 272 3403 P
285 3356 313 3403 ct
331 3349 415 3404 Sirm.
520 3350 674 3417 4nnquam
694 3350 720 3403 Τ
818 3348 976 3403 ueteriacere
995 3348 1022 3402 Β
1118 3346 1203 3401 luniis

79 3436 110 3488 T*
215 3435 231 3487 ‘l
260 3434 317 3503 qni]
347 3435 412 3502 qnia
436 3434 464 3487 Β
568 3435 703 3488 amissiasa
726 3434 752 3487 V
850 3434 868 3487 8
894 3432 994 3487 indoles
1020 3433 1048 3487 Β
1150 3447 1202 3487 non

77 3555 160 3609 minna
179 3554 275 3620 Simu,
301 3570 353 3607 nen
372 3554 453 3607 nimis
471 3554 556 3619 ΒΝ,
584 3520 701 3607 neam-s
718 3554 754 3618 L,
781 3555 897 3608 nominis
916 3554 943 3607 P
966 3554 1000 3621 (is
1019 3552 1135 3619 corr.)b

77 3642 189 3707 requiret
208 3641 237 3695 Β
332 3640 554 3709 ilprcnintiaeV
649 3640 682 3693 10
699 3640 812 3693 senserit
830 3641 869 3706 Β,
897 3638 1012 3693 censerit
1030 3640 1059 3697 b.
1086 3640 1203 3692 censeret

78 3725 183 3781 LPTV
269 3725 341 3794 nece]
360 3740 436 3779 onera
452 3724 517 3790 fort.
605 3725 639 3778 12
657 3726 737 3779 corda
756 3725 948 3794 dispereumd'
1031 3724 1065 3777 13
1083 3723 1203 3777 amomis

79 3846 103 3897 n
206 3845 242 3899 14
259 3818 343 3931 cicere
367 3846 394 3899 Β
496 3848 529 3901 15
553 3850 633 3915 gorm
656 3846 795 3901 narro
894 3845 1028 3914 affligitur
1047 3844 1135 3907 aar,
1163 3844 1202 3898 ar-

78 3948 161 4003 licitnr
182 3946 211 4002 Τ
308 3950 340 4003 16
358 3949 485 4018 testibus]
505 3949 628 4003 hostibus
649 3949 675 4003 Τ
772 3950 923 4003 instruente
936 3950 973 4015 (te
986 3948 1049 4013 om.)
1067 3946 1135 4000 B‘L

78 4034 253 4089 limatorum
266 4051 341 4104 cusp.
355 4036 469 4090 uidetur
554 4036 664 4090 meroris
677 4036 738 4103 PT,
755 4038 881 4089 moeroris
893 4032 983 4101 Lisia>
1071 4032 1104 4087 19
1116 4034 1201 4103 quari]

76 4121 196 4187 quamuis
216 4121 281 4186 sort.
386 4121 490 4175 eribnit
506 4121 589 4176 BLV
690 4123 724 4175 21
743 4120 862 4189 inquires
880 4120 907 4173 Β
1009 4118 1043 4171 22
1060 4117 1202 4173 obtulliree

75 4222 108 4273 B·
195 4209 473 4281 tamaricem.
570 4222 915 4280 raauueumnnrrv
1005 4220 1134 4276 mann

75 4308 131 4364 dac
148 4310 177 4365 L
195 4326 211 4363 e
229 4310 293 4375 sort.
311 4325 382 4366 nae.
485 4310 550 4378 qnid
568 4311 607 4365 ΒΙ
712 4311 747 4365 25
764 4309 881 4379 prolatae
899 4307 934 4374 L,
961 4306 1063 4376 prefate
1080 4309 1107 4362 B
