2934 4934
231 341 297 408 200
589 339 703 410 Magni
720 340 848 396 Felicis
865 342 999 397 llnnodi

231 528 387 597 ciceronis
409 529 527 614 gladios
551 530 583 595 st
598 529 820 599 Demosthenis
842 533 957 599 enituit
978 536 1011 598 et
1027 535 1188 617 utriusque
1203 533 1354 617 propositi

231 632 379 699 acumina
410 632 500 715 quasi
532 636 625 699 natus
658 634 692 699 in
725 636 796 719 ipsa
827 635 944 701 artium
978 654 1059 718 pace
1088 636 1223 721 collegit.
1268 654 1355 701 nemo

231 736 454 802 dissonantiam
482 736 609 802 Attinas
641 737 844 822 perfectionis
883 741 1005 804 metuat
1038 738 1072 803 et
1104 738 1262 804 Romanae
1302 756 1355 803 nec

230 840 395 924 praecipua
416 840 558 921 gentium
580 840 662 905 bons
683 840 716 905 in
739 841 923 907 sometatsm
939 840 1063 907 dubitet
1078 840 1251 906 conuenire.
1276 858 1354 905 nnus

231 960 265 1007 ss
287 942 341 1026 qui
362 944 528 1024 utrumque
559 945 765 1026 conplectsris
787 948 819 1010 et
841 944 988 1029 quicquid
1009 944 1130 1010 uiritim
1152 944 1354 1009 distributum
1377 964 1388 1005 ε

230 1046 351 1129 poterat
372 1043 450 1111 setis
473 1063 539 1110 esse
562 1046 673 1111 auidus
696 1049 905 1112 maximarum
918 1065 1024 1112 rernm
1040 1062 1195 1129 possessor
1210 1045 1353 1111 includis.

231 1148 442 1231 eloquentiam
457 1152 609 1223 ueterum,
626 1151 701 1214 dum
716 1149 860 1229 imitaris,
884 1166 1063 1232 exsuperas:
1086 1149 1209 1216 dicemi
1225 1148 1354 1214 formam

231 1250 419 1318 doctissimis
434 1250 557 1336 tribuis,
574 1253 649 1317 dnm
665 1253 809 1335 requiris.
833 1256 879 1319 est
895 1253 977 1336 apud
992 1270 1042 1318 ms
1058 1250 1211 1334 epistulas
1226 1254 1356 1332 nestrae,

231 1372 311 1437 quae
344 1354 436 1419 buius
468 1354 515 1421 rei
543 1353 637 1421 fidem
665 1354 778 1439 fmus,
812 1357 989 1421 ueneranda
1023 1356 1200 1439 conpositio.
1240 1357 1357 1421 utinam

233 1474 350 1539 quasa
372 1454 462 1522 nobis
484 1457 662 1544 diriguntur
684 1460 752 1523 tam
775 1461 881 1525 essent
904 1461 1010 1525 crebra
1034 1476 1127 1540 quam
1149 1458 1277 1522 suauis!
1309 1458 1391 1523 di·1o

230 1559 309 1626 catis
333 1558 478 1626 forsitan:
507 1578 563 1643 per
585 1563 647 1627 fnit
668 1563 876 1645 propinquum
899 1562 1025 1628 laudare
1047 1560 1257 1625 incommune
1281 1577 1357 1645 aug·

231 1665 373 1728 mentum
394 1662 601 1743 laborantem,
626 1663 699 1747 quia
721 1683 783 1728 non
806 1666 854 1730 est
876 1666 1038 1749 proprium
1053 1666 1133 1747 quod
1148 1664 1237 1745 quasi
1251 1664 1359 1747 singu·

231 1765 338 1831 lariter
361 1765 487 1832 uidetur
508 1766 649 1850 palmata
671 1766 825 1832 conferre:
848 1768 935 1833 uenit
956 1768 995 1832 ad
1020 1786 1071 1831 me
1093 1766 1235 1851 equidem
1258 1767 1360 1850 portio

232 1867 270 1933 ds
293 1868 403 1933 curuli.
434 1866 498 1946 sed,
520 1867 549 1934 si
572 1870 651 1935 mihi
674 1870 810 1949 creditis,
833 1870 904 1954 plns
921 1870 1022 1955 erigor
1039 1870 1077 1934 de
1091 1871 1182 1953 genio
1198 1872 1230 1933 et
1245 1868 1359 1933 studiis

232 1970 406 2038 sublimati.
425 1972 582 2039 interdum
598 1974 793 2039 accesserunt
807 1972 869 2039 ista
885 1974 923 2039 de
935 1973 1072 2040 casibus:
1089 1972 1148 2037 soli
1161 1971 1361 2055 contigerunt
1371 1999 1392 2038 rs

231 2072 289 2139 illa
310 2074 433 2140 uirtuti.
466 2093 563 2157 prope
583 2077 672 2159 inops
688 2076 727 2141 ad
744 2076 914 2158 scipionem
936 2076 1101 2141 adducitur
1123 2074 1265 2157 suffragii
1287 2092 1360 2140 con-

232 2176 344 2241 sularis
368 2179 421 2259 qui
443 2181 569 2243 tantum
591 2181 629 2246 ds
650 2179 832 2263 parentibus
853 2178 1018 2261 gloriatur.
1056 2178 1115 2243 tibi
1137 2178 1304 2261 utrumque
1329 2178 1362 2242 in

233 2278 354 2361 peculio
377 2280 438 2360 est,
466 2278 601 2346 Latiaris
628 2282 760 2346 scientia
782 2282 813 2347 et
834 2298 916 2347 uena
936 2299 1153 2364 purpurarum.
1191 2297 1207 2345 o
1231 2279 1259 2343 si
1282 2280 1363 2346 mihi

232 2400 294 2448 uon
316 2381 385 2447 stili
407 2382 585 2467 epistularis
608 2383 818 2449 consideratio
840 2382 875 2447 in
892 2383 1022 2467 longum
1045 2381 1186 2465 equidem
1208 2383 1363 2465 producta

232 2502 345 2550 manus
368 2487 551 2569 opponeret!
586 2486 667 2569 quod
694 2486 750 2552 alii
771 2484 922 2552 relations
944 2485 1048 2551 ditant
1070 2501 1125 2569 ego
1148 2486 1279 2550 crudum
1304 2486 1395 2553 etsie

233 2586 369 2655 confusis
402 2588 560 2654 ordinibus
594 2590 788 2671 explicarem.
833 2590 924 2655 redeo
959 2588 998 2653 sd
1033 2587 1221 2653 tabellarum
1254 2586 1362 2652 fidem

232 2690 338 2756 ualere
360 2709 409 2756 me
432 2690 543 2757 nuntio
565 2694 598 2755 et
613 2692 720 2756 utrum
736 2691 869 2757 ualeatis
885 2689 1015 2774 inploro,
1038 2693 1077 2756 sd
1092 2708 1248 2755 summam
1262 2690 1362 2755 bene·

232 2792 297 2860 ficii
318 2794 489 2878 postulans,
512 2798 549 2859 ut
563 2793 704 2876 dignatio
719 2813 770 2858 me
788 2793 935 2877 reciproci
959 2790 1111 2857 sermonis
1135 2791 1278 2870 adtollat,
1305 2792 1364 2858 hoe

232 2914 356 2980 qnoque
378 2898 562 2979 deprecans,
585 2899 622 2961 ut
643 2898 786 2976 domum,
810 2915 903 2978 quam
926 2897 958 2961 in
980 2892 1203 2960 Mediolanensi
1228 2894 1363 2960 ciuitate

234 3001 266 3063 et
288 2998 481 3066 abundantia
508 3003 668 3066 nostrast
692 3001 854 3086 neglectus
882 3000 1105 3084 propemodum
1133 2997 1196 3063 iam
1219 2997 1397 3081 reliquitur

235 3100 312 3168 mihi
334 3122 394 3186 qno
418 3104 515 3169 uultis
531 3122 643 3188 genere
658 3103 842 3169 concedatis.
873 3103 991 3167 iustum
1007 3104 1055 3166 est
1070 3102 1153 3166 enim
1168 3105 1203 3165 ut
1216 3104 1364 3184 parentes

286 3397 300 3450 l
319 3394 426 3465 gladius
444 3395 473 3450 Β
569 3394 730 3449 demostenis
749 3392 878 3448 BLTVb
980 3390 997 3446 2
1015 3394 1073 3461 ipso
1091 3408 1115 3447 a.
1133 3390 1208 3460 apice
1224 3392 1296 3456 sort.

234 3482 382 3553 colliqstB
472 3483 601 3538 datticae
612 3483 791 3550 (caenosa)
803 3480 839 3545 Β,
865 3480 992 3535 anticsL
1082 3477 1298 3549 profectionisL

233 3567 451 3623 bdestribntum
471 3567 499 3622 Β
601 3568 616 3621 7
639 3583 764 3635 exuperas
782 3566 837 3621 Μ’
936 3567 955 3621 8
971 3563 1074 3619 tribues
1090 3564 1141 3619 Bb
1243 3563 1365 3633 requires

235 3652 264 3708 Β
349 3654 366 3707 9
377 3652 458 3709 ildem
469 3653 522 3721 Bb,
544 3653 671 3708 ildnciam
689 3653 720 3719 V,
747 3651 873 3707 fidutiam
885 3651 939 3707 Μ’
1031 3650 1062 3705 11
1076 3649 1254 3720 propinquam
1266 3648 1296 3704 Β

234 3740 264 3793 ὶιι
282 3739 309 3794 T
322 3740 375 3795 at
461 3742 616 3810 agmentnm
636 3739 672 3793 Τ·
769 3738 802 3793 13
819 3736 959 3823 sequidem
977 3735 1005 3791 Β
1100 3736 1134 3790 14
1150 3734 1252 3821 curn-uli
1273 3736 1301 3790 T

235 3862 269 3915 nr
287 3858 342 3915 usi
359 3861 447 3916 aar
549 3860 582 3914 rs
608 3862 650 3913 at
666 3874 717 3913 oa
744 3859 771 3913 r
871 3856 1047 3927 anglarias
1152 3856 1184 3909 19
1210 3826 1366 3942 spatiaris

235 3982 264 4038 Β
367 3980 491 4053 equidem
515 3979 544 4035 Β
646 3978 771 4049 producti
788 3977 854 4046 [ort.
958 3970 992 4032 20
1015 3948 1105 4063 (libant
1129 3974 1365 4043 (calmunt

234 4087 277 4154 B,
305 4086 450 4143 dimoto
555 4088 585 4141 st
605 4085 644 4141 si·
665 4084 719 4152 (nl
738 4087 818 4154 cras.)
840 4084 868 4139 Β
978 4081 1012 4137 22
1035 4082 1094 4137 ntis
1111 4084 1139 4135 et
1157 4084 1249 4167 utrum
1272 4080 1300 4135 Τ

235 4193 271 4247 23
296 4191 421 4264 dignatio
445 4208 489 4247 me
514 4192 554 4247 Β*
663 4190 699 4247 25
724 4188 909 4245 habundantia
936 4187 992 4244 ΒΤ
1097 4184 1214 4255 reliquid
1241 4184 1296 4241 BL

236 4278 271 4334 26
287 4294 385 4348 genera
402 4279 429 4334 Β
531 4276 680 4335 censimus
697 4278 726 4333 Β
