2934 4934
445 388 677 459 Epistularum
695 388 785 445 liber
802 388 853 445 111.
1170 392 1213 459 79

94 578 219 659 creditis,
244 579 392 655 indicate,
414 579 504 644 etde
525 581 650 662 propria
670 578 822 645 facultate
845 580 975 646 restituo
993 578 1138 663 quicquid
1159 599 1209 646 me

93 682 296 763 spondentes
322 686 430 747 musto
456 682 597 765 episeopo
624 683 746 749 comtst
774 701 955 765 expensum,
991 685 1063 765 quia
1085 682 1208 749 litteras

61 869 64 872 Ι
93 785 186 851 sancti
207 803 304 869 papee
317 786 426 869 habu,
442 784 554 867 quibus
575 783 667 850 iussit
682 784 830 868 quioquid
853 804 927 870 opus
950 787 1032 852 esset
1052 785 1120 853 fieri
1142 805 1212 853 cum

94 905 159 953 mea
180 887 290 953 debere
318 888 485 952 securitate
514 887 670 972 compleri.
705 888 732 951 si
760 906 879 952 mereor
899 885 1055 967 laborare,
1087 892 1210 955 uestrae

71 990 150 1057 serit
172 991 355 1075 prouisionis
377 989 556 1076 expendere.

620 1194 678 1259 xl.

462 1349 646 1405 uouemus
672 1348 836 1405 stridulo.

131 1471 165 1537 Si
186 1471 366 1555 diligentiae
382 1475 532 1536 memoris
553 1472 634 1537 circa
656 1488 820 1554 personam
844 1490 947 1538 meum
970 1474 1094 1537 enimus
1110 1477 1211 1539 uester

91 1594 151 1640 non
174 1577 343 1654 erueretur,
365 1576 393 1639 si
414 1576 530 1640 reuerti
554 1594 624 1639 enm
647 1575 688 1640 ad
704 1574 856 1641 iudicium
879 1575 1056 1641 sublimitss
1071 1581 1125 1643 tus
1148 1594 1210 1643 non

58 1697 82 1735 ιο
91 1681 211 1762 cogeret
232 1678 302 1759 post
323 1677 477 1759 fauorem,
500 1677 677 1759 frequentia
698 1679 811 1760 scripte
832 1694 1021 1762 protegeres.
1059 1679 1113 1743 sed
1137 1680 1210 1761 quid

89 1781 208 1859 facim
231 1780 304 1862 quia
331 1797 393 1844 non
414 1780 527 1845 ualidis
555 1780 710 1846 reditibus
738 1779 850 1845 nititur
877 1798 964 1847 amor
993 1781 1149 1847 indebitus
1178 1783 1211 1847 et

89 1883 150 1947 cito
173 1882 212 1946 ud
234 1900 361 1947 examen
382 1884 539 1947 reducitur
554 1882 699 1965 quicquid
721 1884 840 1965 gratiae
862 1901 938 1948 aura
961 1884 1137 1966 subripuit?
1159 1903 1210 1949 me

89 1986 161 2051 noni
183 1986 287 2051 solum
308 1987 395 2068 prius
417 1986 560 2051 debuisse
582 1986 673 2068 diligi
696 2004 789 2068 quum
811 1984 951 2068 probari:
982 1987 1064 2053 buno
1085 1989 1209 2053 tantum

88 2090 224 2153 fructum
248 2086 285 2153 de
309 2088 437 2153 caritate
458 2088 591 2171 possedi,
624 2107 714 2170 quem
738 2089 915 2172 incognitus
939 2091 1112 2174 prouisione
1133 2089 1209 2155 sub·

57 2194 175 2257 retraxi
197 2192 251 2256 sed
273 2210 329 2257 uos
350 2194 538 2257 conuenerat
560 2210 621 2257 non
644 2193 706 2257 cito
727 2195 767 2259 ab
785 2194 1005 2273 eo,cuia1nioi
1027 2210 1137 2259 nomen
1160 2193 1210 2257 in·

85 2295 252 2378 posuistis,
274 2296 451 2373 abscedere,
480 2313 518 2359 ne
544 2314 604 2360 non
626 2312 747 2377 semper
770 2297 808 2361 sd
831 2316 932 2361 meam
956 2296 1080 2378 culpam
1103 2297 1210 2362 redeat

86 2398 166 2478 qnod
180 2396 335 2480 promissa
354 2397 432 2462 mibi
448 2415 509 2461 non
531 2401 656 2463 tenetur
669 2398 803 2464 affectio.
820 2400 900 2463 solet
922 2399 1006 2463 enim
1020 2416 1086 2464 esse
1100 2401 1209 2483 ignara

87 2500 289 2565 districtionis
304 2498 442 2564 deuincti
458 2500 655 2575 conscientia,
679 2504 710 2564 et
726 2516 802 2582 opus
819 2502 867 2565 est
889 2504 926 2566 ut
939 2505 1089 2585 perpetuo
1103 2504 1209 2567 uuest

88 2601 233 2685 uunquid
256 2601 353 2668 semel
373 2599 471 2666 fidum
492 2602 601 2683 pectus
625 2604 786 2684 acceperit.
821 2603 954 2667 salutem
978 2623 1050 2686 ergo
1072 2603 1209 2669 debitum

59 2708 191 2773 edicens
214 2725 322 2790 spero,
344 2710 381 2771 nt
403 2705 607 2787 despicientes
628 2705 757 2772 rancide
780 2709 943 2788 potentum
964 2706 1090 2771 fastidia
1112 2708 1209 2771 bono-

88 2828 149 2874 rem
172 2812 317 2875 uestrum
339 2811 372 2875 et
393 2828 487 2891 quam
510 2808 585 2874 deus
613 2808 728 2875 tribuit
755 2808 996 2894 possibilitatem
1018 2810 1208 2875 humilitatis

89 2910 222 2979 fascibus
236 2912 423 2979 sublimetis.
447 2915 534 2977 onius
555 2914 602 2977 rei
622 2912 715 2979 fidem
737 2914 892 2994 interpres
909 2914 1086 2978 animorum
1100 2912 1208 2997 ungue

89 3016 250 3081 confirmet
271 3018 304 3080 et
325 3014 541 3081 testinnonium
563 3014 654 3080 fidele
671 3016 826 3081 mentibus
850 3014 968 3081 deferat
994 3016 1104 3081 caritas
1119 3032 1208 3081 mon·

89 3121 186 3182 strata
208 3137 264 3200 per
286 3116 417 3184 litteras.

137 3405 150 3457 l
169 3404 287 3459 credetis
304 3404 332 3458 B
433 3403 551 3459 iudicare
568 3404 652 3463 ΒΝ
754 3409 783 3459 et
800 3420 851 3459 oen.
871 3406 886 3459 b
988 3408 1005 3460 3
1028 3422 1094 3475 pape
1111 3406 1139 3460 B

89 3504 141 3543 asse
157 3491 225 3546 LV*
328 3492 347 3546 4
363 3492 474 3561 mereor]
491 3508 549 3546 rneo
566 3492 594 3546 B
614 3497 687 3562 (post
704 3508 763 3547 rneo
780 3494 872 3562 spatio
883 3496 952 3549 3-4
968 3492 1017 3547 litt.
1035 3493 1137 3560 occec)

89 3574 264 3645 derpendsrs
281 3577 369 3642 PTb,
397 3577 527 3648 expendet
548 3578 589 3643 B,
617 3578 773 3648 explandere
795 3578 836 3643 L,
863 3577 1001 3647 srplnderc
1025 3576 1046 3629 V
1068 3576 1108 3643 (iu
1126 3578 1158 3631 ies
1174 3592 1206 3631 en

89 3675 153 3715 corr.
173 3680 210 3717 ra.
228 3666 256 3732 1)

136 3782 182 3838 XI.
219 3784 234 3837 7
263 3785 393 3839 ennodius
420 3800 470 3839 oen.
499 3786 524 3837 V
632 3786 735 3840 smario
762 3785 790 3839 B
903 3786 921 3840 8
947 3786 1087 3870 memorius
1116 3784 1143 3839 V

91 3877 244 3958 texuisset
265 3904 292 3958 V
396 3905 429 3959 10
446 3906 548 3975 cogerit
565 3905 592 3959 B
702 3904 734 3959 12
753 3904 893 3975 subrepuit
910 3906 937 3958 B
1040 3904 1125 3959 solum
1143 3905 1208 3959 noui

91 3982 212 4043 LPTVb
320 3991 353 4046 15
372 3992 419 4045 sab
443 3991 505 4045 Vh
529 4006 598 4046 crus.
615 3991 729 4045 uidem
830 3990 997 4061 imposuistis
1014 3989 1094 4045 amici
1110 4005 1206 4045 nomen

93 4069 136 4122 Pb
231 4076 266 4130 20
283 4076 449 4147 dispicientia
466 4076 502 4141 B,
529 4076 704 4145 despicienses
721 4077 761 4131 L*
852 4076 965 4131 ranceds
983 4074 1011 4130 Β
1108 4076 1142 4130 24
1159 4078 1206 4132 lit-

92 4156 167 4226 teras]
187 4159 247 4214 linit
264 4161 329 4216 cdd.
347 4162 429 4217 LTV
