2934 4934
1183 413 1261 461 VIIII

129 581 167 646 ut
188 580 241 647 uix
255 581 479 648 Bentleiauum
502 583 665 666 ingenium
680 584 720 648 ad
739 583 795 649 lias
816 584 903 650 labes
918 583 1123 670 detergendas
1146 589 1260 654 uerba·

130 705 190 769 qus
211 685 457 771 redintegranda
478 683 682 752 sulieeturnm
703 685 801 752 fuisse
815 686 970 754 uideatur.
991 687 1042 754 illi
1056 690 1164 756 autem
1179 692 1259 773 quod

130 805 192 854 non
214 790 383 872 potuerunt
406 807 445 853 ne
466 789 602 854 noluisse
634 788 762 872 quidem
795 790 949 857 uidentur.
982 791 1061 857 adeo
1092 792 1160 858 siue
1194 792 1259 859 ulla

129 890 347 958 emendatione
380 892 519 958 eodinem
554 893 655 976 operis
686 893 887 959 tradiderunt
917 895 1026 977 paneis
1053 895 1162 978 opinor
1188 915 1260 962 oum

128 995 276 1081 plagulae
310 996 537 1078 corrigerentur
571 998 701 1062 mutatis
724 998 757 1064 et
785 995 838 1062 hie
870 996 938 1063 illie
969 998 1066 1063 uariis
1098 999 1261 1083 seripturis

129 1097 296 1166 oodieisB
324 1099 357 1163 in
386 1101 527 1184 margine
555 1100 693 1166 adiectis.
729 1101 813 1183 quod
841 1104 878 1165 ut
907 1100 1034 1183 plenius
1062 1101 1096 1166 et
1117 1120 1179 1168 uno
1202 1103 1259 1169 ad·

130 1203 242 1286 speetu
269 1202 480 1287 intellegatur,
510 1203 569 1268 etsi
600 1201 810 1286 inapparatu
838 1203 948 1269 oritieo
969 1223 1006 1269 ex
1028 1204 1261 1272 vindobonensi

129 1305 232 1372 multa
266 1307 382 1386 notaui,
416 1325 452 1372 ex
485 1305 622 1372 maxima
655 1307 744 1390 eopia
773 1309 915 1391 exempla
943 1309 1094 1374 nonnullo
1122 1309 1261 1377 delibare

128 1409 243 1492 planet,
279 1407 403 1492 quibus,
432 1408 460 1475 si
482 1427 531 1475 res
561 1409 756 1493 apertissima
784 1411 880 1476 etiam
910 1414 1103 1495 argumentis
1132 1413 1261 1498 indiget,

130 1511 403 1580 vindobonensem
423 1511 541 1578 librum
557 1512 702 1578 editionis
724 1513 964 1580 fundumentum
985 1531 1062 1595 esse,
1085 1517 1149 1582 iam
1171 1537 1262 1584 nemo

129 1616 228 1682 fidem
250 1615 428 1699 denegabit.
452 1633 523 1682 eum
545 1635 569 1680 u
590 1617 623 1681 et
644 1636 667 1680 se
689 1617 815 1683 litterae
830 1622 925 1700 atque
940 1618 1016 1684 adeo
1039 1620 1075 1683 iu
1096 1620 1134 1684 in
1155 1624 1192 1685 ses·
1213 1621 1260 1698 ni,

128 1719 179 1784 im
199 1719 245 1784 mi
266 1739 313 1783 we
335 1740 382 1784 nu
404 1720 549 1802 plurimis
572 1719 647 1786 loeis
664 1720 729 1786 sine
746 1720 907 1786 oculorum
921 1721 1095 1787 intentione
1109 1721 1142 1787 in
1158 1723 1262 1789 codiee

128 1825 157 1890 P
187 1825 313 1908 propter
346 1823 586 1889 similitudinem
619 1823 770 1889 ductuum
803 1823 956 1907 distingui
995 1824 1058 1890 fere
1094 1829 1260 1908 nequeant,

128 1927 314 2012 saepissime
336 1929 522 1994 errauernnt
536 1927 743 2011 Basileeuses,
765 1927 885 1993 ludices
900 1947 956 2011 pro
977 1927 1106 2005 indices,
1128 1947 1186 1994 nos
1207 1949 1263 1995 reos

127 2031 221 2096 notis
253 2030 341 2095 uobis
374 2035 516 2096 nostrum
548 2035 686 2095 uestrum
719 2051 775 2114 pro
803 2050 860 2095 eros
887 2050 946 2096 nos
973 2030 1063 2096 uoto
1092 2032 1181 2098 nobis
1208 2055 1262 2098 ree-

126 2139 235 2201 strum
265 2135 363 2217 (uim)
394 2138 538 2199 bostrom
569 2136 681 2217 (ser'm),
711 2134 802 2199 uolui
833 2135 924 2199 nolui
957 2150 1013 2216 pro
1041 2135 1130 2200 notet
1159 2136 1261 2216 uolui,

127 2239 185 2318 43,
207 2238 249 2304 26
273 2237 353 2303 lenis
381 2255 435 2320 pro
463 2235 558 2316 imis,
586 2237 683 2316 86,5
710 2236 763 2302 iae
787 2254 844 2320 pro
865 2238 934 2317 uis,
957 2238 1009 2322 88,
1031 2238 1075 2304 23
1100 2239 1263 2306 tamisiam

127 2359 188 2426 pre
220 2341 397 2419 immilem,
433 2341 484 2419 14,
506 2339 549 2406 20
579 2339 714 2406 laeam
741 2359 797 2424 pro
827 2340 980 2407 smoniae
1003 2343 1043 2426 (P
1065 2344 1148 2408 euim
1169 2343 1263 2410 solito

126 2462 234 2510 errore
266 2443 444 2508 insiticium
474 2446 507 2508 et
535 2441 674 2509 haimos
700 2443 844 2528 praebet)
873 2443 1056 2510 seribentes.
1093 2445 1264 2530 conpendia

127 2547 365 2624 uocabulorum,
399 2547 511 2630 quibus
533 2547 560 2611 P
588 2547 722 2613 refertus
745 2549 803 2627 ost,
832 2547 957 2614 emendi
978 2549 1099 2632 eopiam
1120 2548 1266 2616 ieoerunt

127 2653 211 2716 loeis
233 2651 394 2717 sententis
430 2669 528 2734 neque
550 2650 730 2716 mirandum
752 2652 802 2716 est
821 2651 964 2718 homiues
991 2651 1046 2736 qui
1068 2652 1102 2717 in
1123 2652 1264 2737 legendis

126 2753 307 2821 tritissimis
322 2773 348 2820 e
364 2773 394 2840 g.
410 2753 565 2819 informis
588 2753 807 2837 pronominum
821 2754 879 2836 put
892 2773 971 2836 quoe
986 2759 1070 2836 guod
1084 2775 1161 2837 quos
1173 2776 1263 2839 qoem

128 2879 230 2942 mum
250 2858 398 2942 quisquis
418 2859 548 2940 qusque
576 2857 628 2924 uel
654 2859 919 2942 praepositionum
936 2877 999 2939 por
1013 2877 1098 2940 prae
1111 2878 1175 2940 pro
1189 2863 1265 2940 poet

126 2963 225 3045 priua
258 2963 441 3046 plerumque
475 2963 555 3044 lspsl
589 2960 662 3040 sint,
695 2981 822 3045 prorsus
851 2962 1008 3028 eaeeutire
1030 2963 1063 3028 in
1084 2962 1263 3041 rarioribus,

130 3067 314 3132 exhibentes
336 3083 362 3130 e.
385 3085 416 3150 g.
440 3065 470 3149 6,
493 3065 535 3132 23
558 3065 654 3131 aliter
675 3083 730 3150 pro
754 3063 857 3130 attoni
881 3065 961 3147 (alii
979 3065 1031 3147 P),
1065 3065 1119 3149 27,
1141 3065 1182 3130 21
1206 3065 1265 3130 titi

129 3187 189 3254 pro
211 3170 266 3236 oss
286 3151 317 3254 (t
338 3171 393 3254 s),
421 3172 452 3246 a,
476 3170 494 3233 u
518 3169 547 3234 se
569 3187 623 3253 pro
645 3169 707 3246 seo,
740 3169 791 3246 13,
813 3171 855 3235 se
877 3172 910 3233 o
931 3169 975 3236 ss
996 3169 1083 3234 mem
1103 3186 1159 3252 pro
1180 3169 1265 3234 unse

129 3276 193 3356 (ui
214 3275 268 3356 P),
297 3273 394 3351 47,8
423 3273 495 3338 berre
526 3291 582 3355 pro
603 3271 688 3338 ou&
713 3273 767 3356 (bvi
787 3273 814 3339 P
836 3272 891 3338 sed
913 3273 959 3338 ita
980 3275 1019 3338 ut
1039 3273 1057 3337 b
1080 3271 1222 3338 litteram
1243 3293 1265 3337 se

130 3377 196 3443 iere
219 3379 354 3460 aequet),
379 3378 430 3456 71,
455 3377 497 3442 14
518 3376 645 3457 auferre
666 3395 722 3459 pro
745 3376 903 3458 amferre
925 3376 1067 3460 (obferre
1080 3377 1131 3459 P),
1156 3375 1205 3457 15,
1222 3376 1266 3442 20

132 3485 282 3546 eandam
313 3498 368 3564 pro
401 3481 523 3563 foenum
557 3479 635 3566 (sim
666 3481 714 3563 P),
753 3481 806 3558 31,
834 3481 856 3547 9
887 3479 999 3545 earnis
1031 3499 1086 3563 pro
1119 3479 1265 3544 causaris

131 3585 235 3670 (edom
257 3583 308 3666 P),
341 3584 394 3659 33,
419 3583 460 3648 14
487 3604 558 3649 erun
580 3602 635 3667 pro
657 3585 762 3648 notui
786 3587 838 3668 (eie
858 3584 896 3663 P,
919 3585 1000 3668 quod
1022 3585 1062 3650 ab
1083 3583 1118 3646 oi
1139 3581 1266 3649 difficile

132 3687 365 3772 distinguitur),
398 3685 513 3771 37,11
538 3685 647 3768 precio
674 3705 729 3770 pro
753 3687 882 3769 publiea
906 3677 970 3769 (pt
990 3687 1025 3752 in
1052 3686 1135 3752 exitu
1166 3685 1266 3752 lineae

130 3791 186 3874 P),
220 3789 317 3876 5,16
344 3789 374 3854 si
401 3807 458 3872 pro
487 3788 556 3855 tinet
581 3789 624 3872 (sp
647 3789 698 3874 P),
731 3789 784 3869 40,
810 3792 847 3854 11
880 3789 936 3855 too
964 3807 1021 3873 pro
1049 3789 1121 3854 ticet
1149 3789 1194 3874 (fg
1216 3788 1264 3870 P),

131 3895 187 3975 22,
213 3894 263 3960 ln
290 3894 343 3972 42,
365 3894 388 3960 5
414 3895 524 3958 eontra
552 3909 608 3977 pro
632 3894 718 3957 eirea
741 3893 790 3978 (et
810 3893 847 3969 P,
869 3911 942 3960 nam
963 3896 977 3956 t
997 3894 1125 3959 litterae
1146 3911 1162 3956 e
1184 3891 1266 3957 inP

132 4017 183 4081 est
212 4013 402 4099 simillima),
423 4013 476 4093 46,
502 4015 540 4079 11
564 4017 652 4078 tenui
666 4031 721 4098 pro
736 4014 838 4078 unsri
862 3999 958 4097 (steni
976 4013 1027 4094 P),
1048 4013 1101 4097 49,
1124 4013 1164 4079 21
1188 4017 1267 4078 uero

132 4135 190 4202 pro
223 4121 376 4183 ueneram
407 4117 497 4201 (adm
518 4119 569 4200 P),
599 4118 650 4196 96,
673 4118 694 4184 6
721 4135 820 4199 poree
849 4133 907 4201 pro
937 4135 1091 4198 personas
1119 4119 1195 4204 (poe
1215 4116 1265 4199 Ρ),

132 4223 211 4302 457,
234 4222 275 4288 23
294 4241 374 4303 pera
402 4240 458 4304 pro
479 4241 628 4305 persona.
657 4221 741 4288 idem
768 4221 882 4286 leuiter
909 4220 1055 4303 eorrupta
1075 4221 1109 4284 in
1132 4220 1266 4286 alieuius

133 4324 281 4392 uoeabuli
315 4326 449 4392 formam
482 4345 555 4392 usus
584 4325 759 4391 Ennodiani
791 4325 844 4390 uel
870 4340 981 4391 seusus
1011 4343 1116 4390 euram
1146 4327 1267 4391 nullam
