2934 4934
263 398 303 463 16
616 393 732 462 Magni
749 394 877 449 Felicis
895 393 1025 450 llnuodi

262 582 344 648 nube
366 580 528 647 descendit
548 582 690 648 caelestis
717 582 850 649 militiae
872 583 1021 649 serenitas
1044 584 1221 651 excusauit?
1243 589 1276 652 at
1297 604 1379 651 nrmc

261 686 296 750 in
323 684 490 766 aucupium
520 684 658 750 trahitur
683 687 766 751 male
794 687 911 753 creduli
932 686 1112 771 interpretis
1135 688 1315 763 clericatus,
1346 692 1378 753 et

261 787 343 869 quod
365 788 436 851 onte
461 786 636 869 religiosam
663 789 889 869 professionem
912 788 1075 855 admisisse
1097 792 1297 873 condecuit,
1320 790 1378 856 hoc

259 894 422 974 postquam
455 910 511 973 per
543 890 673 955 titulum
706 892 953 959 ecclesiasticum
986 894 1087 976 culpis
1120 893 1377 972 renuntiauimua

260 992 326 1057 sine
348 991 472 1057 bonesti
495 992 648 1057 credimur
670 993 913 1059 musideratioue
935 1012 1089 1080 peragere.
1112 1011 1174 1078 qua
1194 1015 1245 1062 me
1260 998 1378 1079 tempe-
1401 1021 1411 1058 s

260 1098 351 1176 state,
373 1095 508 1176 procella
527 1095 703 1161 inmanium
723 1100 930 1178 poeoniorum
952 1098 998 1163 ire
1010 1098 1050 1163 ad
1065 1097 1217 1164 famosum
1241 1098 1379 1165 officium

259 1197 452 1280 conpulisti?
474 1196 508 1263 in
522 1216 583 1280 quo
597 1216 703 1264 omnes
719 1216 856 1264 errorum
872 1200 953 1265 rami
966 1200 1120 1283 magistra
1134 1202 1260 1268 uiuendi
1276 1202 1378 1267 solent

259 1301 337 1368 falce
358 1302 506 1381 muncari
529 1304 562 1366 in
584 1319 619 1367 eo
641 1300 744 1367 deme
759 1302 877 1367 facinus
889 1303 971 1369 credi
986 1303 1063 1369 lacis
1078 1322 1169 1370 omne
1182 1303 1377 1370 fallentibus.

259 1402 312 1470 ille
332 1403 490 1487 mancipia
515 1422 573 1469 sua
601 1423 621 1469 a
647 1424 697 1469 mo
719 1404 849 1471 sublate
870 1404 996 1471 defleuit
1018 1408 1050 1473 et
1072 1412 1179 1473 contra
1199 1406 1376 1489 potentiam

260 1507 460 1573 ecclesiastici
481 1506 593 1573 militis
623 1507 835 1573 aduocandum
863 1507 992 1575 credidit
1013 1508 1132 1593 regiam
1156 1509 1412 1576 defensionemn

257 1627 341 1696 rogo,
364 1610 434 1694 quis
457 1609 515 1677 boo
537 1614 750 1677 tormentatur
771 1611 821 1676 nel
843 1612 875 1676 in
897 1630 988 1677 scena
1012 1616 1185 1697 proponere
1218 1614 1287 1697 quis
1303 1630 1379 1697 poe-

259 1716 362 1779 tarum
384 1712 534 1778 fabellam
556 1713 636 1779 fucis
662 1710 820 1780 similibus
847 1715 903 1779 aut
925 1717 1148 1783 commenticiis
1169 1719 1306 1801 personis
1328 1718 1379 1781 iu-

258 1816 413 1881 str'ueret?
435 1818 523 1883 uouit
544 1815 702 1894 dominus,
725 1817 779 1899 qui
800 1834 895 1882 mauu
917 1819 1021 1885 ualida
1042 1818 1074 1883 in
1098 1818 1250 1887 adiutorio
1272 1822 1379 1884 uestro

257 1918 320 1983 mei
329 1922 541 2003 propugnator
552 1918 711 2001 adsurgat,
721 1920 819 1985 totius
830 1938 880 1985 me
891 1938 957 1985 esse
972 1921 1104 1989 technae
1115 1920 1205 1987 huius
1221 1922 1378 2003 ignarum.

257 2025 330 2087 aute
352 2021 471 2105 aliquid
493 2022 641 2104 temporis
662 2021 752 2105 pueri
774 2022 843 2099 duo,
867 2024 919 2107 qui
934 2024 995 2089 sibi
1010 2042 1030 2089 a
1043 2025 1180 2108 praelato
1195 2022 1410 2089 adserebantrs

256 2123 365 2189 inferri
395 2123 594 2203 uiolentiam,
629 2125 669 2189 ad
695 2142 786 2207 opem
810 2145 842 2192 se
872 2126 1020 2194 ecclesiae
1048 2130 1106 2194 sub
1132 2126 1381 2210 interpellatione

256 2225 381 2308 publica
409 2227 616 2292 coutulerunt.
638 2246 743 2310 preces
775 2228 949 2295 adhibuisse
977 2248 1026 2295 me
1055 2229 1199 2313 memini,
1236 2230 1273 2293 ut
1294 2230 1379 2294 circa

257 2348 307 2395 eos
329 2330 409 2412 quod
432 2330 599 2394 defunctus
621 2330 721 2395 uoluit
735 2336 927 2399 seruaretur:
950 2334 1128 2400 auditurum
1144 2352 1176 2399 se
1191 2332 1378 2415 deceptiosis

257 2436 289 2497 et
310 2430 434 2497 blandis
456 2431 600 2513 promisit
627 2430 801 2498 inlecebris.
826 2437 861 2500 nt
883 2436 921 2500 ed
939 2435 1121 2519 obsequium
1136 2438 1377 2518 reuerterentur,

256 2536 296 2601 ad
317 2532 398 2618 quod
425 2533 566 2618 deputati
588 2533 724 2613 fuerant,
752 2540 860 2603 sancto
887 2538 1027 2621 episcopo
1052 2542 1141 2623 patre
1162 2542 1265 2604 uestro
1286 2556 1411 2622 pras-ac

256 2640 360 2716 sente,
387 2638 442 2721 qui
470 2637 588 2704 eisdem
616 2636 784 2721 praebebat
812 2640 977 2721 auxilium,
1006 2641 1065 2707 rub
1094 2641 1206 2708 notitia
1235 2641 1379 2707 ciuitatis

255 2742 398 2809 bonatus
419 2759 499 2809 snm.
537 2739 611 2823 quid
642 2743 752 2823 postea
783 2744 922 2809 euenerit
946 2743 1103 2827 ignoraui,
1127 2746 1187 2811 nisi
1210 2748 1378 2827 postquam

254 2847 336 2913 male
357 2846 558 2913 retentatoris
573 2864 685 2912 nomen
706 2850 817 2929 accepi.
834 2848 911 2913 haec
925 2848 1069 2925 mentior,
1086 2848 1145 2913 nisi
1160 2848 1380 2933 inpugnatoris

255 2949 318 3017 mei
333 2947 543 3016 adtestatione
560 2950 766 3029 constiterint,
785 2951 834 3015 cui
849 2954 952 3017 tamen
967 2952 1082 3035 gratias
1097 2952 1204 3031 refero,
1228 2952 1301 3034 quia
1316 2951 1379 3017 sub

256 3052 366 3135 queuis
388 3053 547 3118 occasione
569 3054 691 3119 uotiuas
715 3053 819 3139 exegit
839 3055 1004 3136 epistulae,
1039 3073 1117 3138 quae
1139 3054 1216 3121 mihi
1238 3055 1413 3121 multumne

256 3155 369 3220 doloris
394 3154 538 3223 iussionis
559 3158 681 3221 uestras
703 3156 897 3225 dubitatione
919 3162 1115 3241 pepererunt.
1156 3159 1194 3224 de
1219 3177 1268 3223 me
1292 3159 1378 3225 euim

306 3428 319 3481 1
344 3425 477 3482 discendit
499 3425 527 3481 B
628 3428 645 3481 2
667 3426 764 3482 credoli
781 3428 952 3497 interpraetis
974 3429 1002 3483 B
1103 3428 1121 3483 3
1143 3428 1262 3484 amisisse
1284 3430 1309 3482 T

253 3514 270 3568 6
286 3514 445 3568 immanium
462 3512 524 3568 LV
624 3516 747 3582 picorum
768 3515 794 3569 Τ
897 3514 1027 3584 femorum
1045 3514 1083 3569 11¹
1187 3514 1203 3569 7
1220 3514 1381 3583 compulisti

254 3598 341 3653 ΜΨ
420 3599 574 3655 8truncari
591 3598 618 3653 B
634 3616 648 3652 r
664 3600 697 3653 iso
713 3614 769 3655 rae.
857 3601 888 3655 11
907 3602 1098 3655 commentator
1117 3599 1202 3655 ΜΨ
1283 3600 1317 3655 12
1337 3604 1381 3657 ia-

254 3684 354 3803 {onem
379 3718 407 3773 a
508 3718 700 3775 emunctae
730 3719 810 3775 ror
831 3734 886 3775 rae
990 3720 1023 3777 14
1048 3720 1132 3775 neus
1159 3720 1199 3788 n,
1227 3722 1312 3777 cerus
1345 3724 1381 3787 P.

253 3822 340 3877 tutius
358 3821 444 3878 ΜΨ
533 3822 620 3876 csta
709 3825 807 3893 teguee
826 3822 888 3888 LV,
905 3822 1063 3893 tegnePl’‚
1082 3822 1191 3893 igueB
1281 3824 1382 3881 huius·

252 3908 397 3965 modiP¹b
500 3908 532 3963 15
550 3906 703 3963 asserebam
719 3908 805 3964 ΜΨ
896 3910 928 3963 17
946 3909 1132 3965 meetabet
1150 3908 1230 3965 som
1327 3914 1383 3966 mi-

253 4031 322 4085 mnr
339 4031 367 4085 n
469 4030 504 4085 re
521 4030 601 4101 quoe]
618 4031 685 4100 pr
785 4032 1001 4087 commensura
1100 4002 1307 4116 respersisse

255 4150 287 4204 19
304 4152 457 4205 tenerentur
473 4151 502 4206 B
593 4150 627 4204 22
645 4152 750 4205 ortatus
770 4148 857 4204 LPV
945 4148 978 4205 23
995 4116 1137 4206 retentoris
1155 4148 1182 4204 B
1266 4150 1382 4221 impug-

252 4234 432 4377 LrtztssrsisLl'w
505 4234 831 4293 assensionem
930 4233 1158 4292 constitneriutl'
1265 4234 1300 4291 at
1320 4238 1383 4305 epi·
