2934 4934
251 400 296 468 50
608 398 722 470 Magni
739 397 869 453 Felicis
887 396 1017 452 linnodi

252 592 344 676 genio
363 592 397 655 tt
424 588 586 673 splendore
618 588 766 667 iudicare,
800 606 854 654 uos
876 588 1074 655 crediderunt
1102 588 1213 653 inille
1241 588 1371 653 dictione

251 694 416 774 laborasse,
440 696 535 775 qnam
556 694 651 758 aetati
672 692 885 775 praeiudicans
908 692 1079 759 canusiam
1094 691 1127 756 in
1145 708 1239 773 puero
1262 706 1368 756 sensus

251 796 393 862 excoluit.
417 795 470 861 sed
493 795 562 860 ista·
576 794 677 878 magis
697 795 761 861 illis
784 810 854 861 oum
876 794 1177 879 lacrimosogaadto
1201 792 1367 877 diuiduos

251 900 309 964 aut
328 898 442 965 ediusus
473 897 599 981 sangaris
632 897 827 963 albocuriae
850 888 999 963 caeleatls'
1022 897 1189 981 adscripsit
1209 897 1269 963 aut
1288 896 1371 962 clara

252 1001 412 1079 mnfessio,
434 1000 489 1083 qui
504 999 648 1065 secundis
665 998 1034 1083 confirmentpxlmordio
1048 1002 1155 1067 nestra
1168 998 1369 1065 successibus.
1389 1020 1402 1061 s

251 1120 307 1171 uos
329 1103 440 1169 famuli
462 1103 642 1169 lrunrilltate
663 1107 696 1168 et
718 1104 864 1187 obsequio
885 1104 1027 1170 salutans
1048 1104 1119 1186 opto
1134 1104 1216 1169 inter
1233 1104 1369 1186 quaeuis,

251 1209 326 1273 dum
347 1208 417 1273 istis
432 1207 573 1273 animum
588 1206 744 1287 relaxatis,
767 1207 1013 1273 aduersariorum
1026 1208 1111 1273 mala
1126 1206 1269 1293 gaudere.
1291 1204 1370 1270 ntnil

251 1314 297 1376 est
311 1310 404 1390 enim,
420 1310 454 1376 in
470 1314 529 1394 quc
543 1311 914 1395 inimieornm‘possimus
930 1311 1045 1377 damna
1065 1312 1188 1376 sentire.
1212 1306 1269 1375 hoc
1282 1308 1370 1375 nobis

250 1415 324 1480 deus
347 1413 489 1493 eontulit,
510 1416 593 1499 quod
614 1414 734 1481 inuidia
755 1415 880 1480 terrena
902 1432 964 1480 non
986 1412 1158 1481 subttalnt.

783 1600 838 1668 XI.
1380 1624 1401 1664 ro

631 1736 814 1795 ENNODIVS
841 1736 987 1795 FAVSTO.

291 1858 374 1940 Quid
396 1858 521 1939 faciam,
555 1858 676 1941 qnando
699 1859 895 1927 rescribenda
915 1876 971 1927 uos
992 1858 1131 1925 scribitis
1160 1858 1192 1923 et
1213 1876 1267 1942 pro
1290 1859 1369 1926 bono

249 1961 471 2044 praescientiae
494 1962 577 2029 eaelo
592 1962 680 2029 uobis
696 1962 883 2045 obsequente
899 1981 1057 2031 concessae
1073 1964 1217 2046 quiequid
1232 1962 1370 2029 alienum

248 2068 357 2148 peetus
379 2068 482 2149 potnit
496 2066 685 2151 inuestigare
706 2068 864 2133 narratis?
886 2068 1005 2149 liqueto
1018 2086 1114 2151 supra
1128 2066 1287 2131 homiuem
1302 2083 1371 2131 esse

250 2169 380 2233 duorum
402 2168 448 2233 sio
468 2169 598 2252 implere
611 2187 774 2251 personas,¹
796 2171 850 2235 ssd
865 2171 904 2241 ad
919 2169 1010 2235 illum
1031 2170 1205 2235 reserantur
1226 2168 1297 2249 ista,
1314 2169 1369 2251 qui
1381 2185 1402 2226 ιε

248 2270 416 2355 praestitit.
464 2290 520 2355 ego
543 2275 646 2338 tamen
675 2274 833 2339 remittere
856 2292 906 2339 me
929 2274 1112 2350 orationem,
1144 2290 1315 2356 perquam
1339 2274 1371 2337 in

248 2375 390 2440 umbram
414 2374 562 2459 antiquus
584 2375 707 2441 Tullius
740 2377 890 2457 trudetur,
924 2394 985 2442 non
1007 2376 1144 2459 promisi,
1179 2377 1292 2461 quippe
1316 2376 1372 2459 qni

247 2479 410 2561 acceptum
443 2480 676 2561 quaternionem
708 2479 766 2543 sub
788 2480 899 2545 maiori
921 2497 1013 2561 quam
1037 2478 1160 2563 ingenio
1189 2496 1259 2544 meo
1283 2497 1370 2545 conr·

247 2579 397 2645 medabat
429 2581 584 2647 eeleritate
617 2580 822 2661 reddideram,
855 2581 929 2647 dum
956 2581 1029 2647 fidei
1061 2582 1196 2647 semiana
1225 2600 1303 2665 quae
1332 2584 1370 2647 ad

246 2682 420 2764 profectum
451 2686 596 2768 poterant
628 2685 782 2766 pertinere
813 2686 992 2766 contempsi.
1037 2684 1116 2749 nihil
1144 2685 1227 2766 apud
1256 2704 1308 2749 ms
1333 2686 1403 2750 deno

246 2788 422 2852 ueneranda
449 2789 525 2853 tune
552 2787 684 2853 dictione
711 2790 918 2865 remanserat,
950 2787 1010 2853 nisi
1038 2791 1118 2871 qnod
1146 2787 1186 2852 ed
1218 2787 1370 2865 fructum,

246 2892 396 2971 quantum
420 2891 560 2969 aestimo,
582 2888 682 2957 bonae
704 2890 857 2975 opinionis
878 2892 1051 2975 reposcenti
1072 2890 1222 2955 memoria
1241 2890 1371 2957 furante

246 2992 463 3059 subduxeram.
506 2994 577 3059 nolo
605 2994 717 3074 dicere,
751 2993 840 3076 quale
869 2994 965 3060 luerit
987 2994 1068 3077 quod
1090 2996 1207 3059 inuitus
1231 2998 1370 3076 restitui,

245 3094 336 3178 quale
359 3098 455 3161 etiam
476 3099 557 3178 quod
579 3097 693 3176 amani,
716 3116 754 3163 ne
776 3096 940 3163 manifesto
971 3098 1103 3164 credatis
1125 3116 1179 3164 uos
1202 3099 1370 3185 alleganda

244 3199 312 3263 sine
332 3200 381 3263 sui
403 3198 563 3281 dispendio
592 3201 790 3281 praedixisse.
835 3200 917 3267 euris
945 3200 1024 3267 meis
1058 3202 1161 3267 mmen
1194 3222 1286 3287 super
1308 3205 1403 3271 hao²⁵

245 3300 333 3381 parte
360 3318 487 3367 serenae
519 3301 599 3367 lucis
620 3322 708 3368 meae
730 3303 835 3369 domni
857 3304 970 3369 Auiani
1003 3303 1161 3370 miseratio
1189 3307 1266 3373 lieet
1287 3308 1370 3374 inci·

245 3402 360 3484 pientia
382 3404 487 3471 temen
509 3404 572 3469 iam
589 3406 719 3487 probata
732 3406 902 3473 sueonrrit:
919 3408 1074 3490 quandam
1097 3410 1264 3488 scedulam,
1288 3429 1369 3493 quae

294 3656 410 3712 dranus
427 3659 482 3725 Po,
509 3674 587 3713 conoe
605 3658 689 3715 BLV
801 3662 818 3716 3
840 3662 986 3732 lacrymoso
1005 3662 1060 3733 Pb,
1088 3662 1301 3722 laeuinro‘BLV

243 3742 332 3798 addixi
347 3744 412 3809 fort.
513 3747 654 3815 9terrena
671 3747 699 3801 L
800 3748 923 3803 subtraat
940 3750 967 3803 B

295 3844 344 3902 x1.
379 3846 413 3901 12
430 3852 474 3916 qm
492 3847 662 3903 rescribenda
679 3850 705 3903 Τ
718 3851 752 3904 iat
768 3864 823 3906 ros.
937 3852 970 3905 13
991 3852 1124 3923 quidquid
1142 3854 1169 3907 B
1280 3856 1317 3911 14
1335 3858 1369 3913 li·

243 3936 322 4001 quato
340 3932 428 3999 LPV,
450 3933 555 4002 liquido
573 3934 608 3999 B,
630 3934 718 4005 liquet
733 3936 782 3992 hoo
799 3938 860 4005 (hoc
870 3939 967 3993 ieras
980 3955 1015 3993 aa
1027 3942 1057 4007 2)
1076 3939 1107 4006 Τ,
1130 3940 1216 4010 liquet
1229 3940 1253 4005 d,
1276 3941 1370 4011 liquet

243 4016 358 4072 detine
455 4019 487 4073 16
505 4020 649 4088 praecutit
665 4020 693 4075 Β
787 4021 819 4077 17
838 4024 956 4094 antiquis
973 4024 1013 4078 13¹
1108 4024 1139 4080 21
1158 4030 1326 4081 remanserat
1345 4032 1370 4095 (s

242 4106 323 4171 com)
341 4103 368 4157 t
451 4105 524 4174 quod
539 4107 577 4174 B,
595 4123 647 4163 oon.
663 4108 787 4164 LPTVd
876 4110 911 4164 12
927 4112 1089 4179 rseposaenti
1106 4112 1134 4166 Β
1223 4112 1258 4167 24
1274 4116 1369 4169 omani

247 4187 301 4273 lani
318 4204 351 4241 ne
368 4190 423 4257 (ani
440 4191 472 4245 in
488 4208 539 4263 ero
555 4198 651 4263 postca
667 4192 744 4261 aad)
765 4194 804 4261 R,
835 4196 923 4251 amoni
939 4196 1005 4263 fort.
1120 4198 1154 4253 25
1177 4198 1245 4253 hano
1266 4198 1297 4255 L

242 4308 276 4363 as
293 4306 384 4363 nonu
400 4308 436 4375 s
461 4311 563 4366 remur
580 4313 705 4370 unsre
806 4301 993 4373 messueris
1014 4316 1041 4372 r
1135 4318 1265 4374 meana
1284 4318 1316 4375 n
