2934 4934
216 343 279 413 158
569 338 688 411 lingui
706 340 835 398 Felieie
849 341 981 399 bunodi

214 532 320 600 noeoio
341 530 416 617 qnid
436 530 657 615 magnitudini
670 534 795 597 uoenae
818 531 942 599 hostilis
964 532 1087 599 molitio
1109 532 1147 599 de
1161 533 1344 615 putrimonii

214 637 358 704 ubertate
379 636 579 717 deoerpemit:
602 636 718 701 temen-
732 636 790 703 seb
805 636 866 703 hoo
888 636 982 703 titulo
999 635 1202 705 indietissiml
1225 638 1344 705 domini

215 738 355 805 multum
376 737 564 819 locupletem
585 739 724 821 gratiom
746 742 939 823 conparauit.
965 740 1045 807 bono
1066 740 1251 809 estiaotum
1271 744 1345 809 sub·

214 842 365 920 stantiae,
387 842 416 906 si
438 840 541 907 inoliti
561 840 677 908 notide
697 842 849 926 prineipis
875 843 1046 927 dispendiis
1065 844 1246 912 inuenitur
1282 863 1343 911 non

214 951 265 1016 eet
291 946 480 1014 iaoulmtum
508 943 708 1012 formideris
733 946 886 1025 deoeesio,
914 948 942 1011 si
965 966 1019 1029 per
1038 966 1126 1025 aem,
1156 950 1209 1029 qui
1238 966 1378 1016 omness

215 1050 490 1127 mnestdiuitias,
522 1048 641 1113 sommi
664 1048 785 1118 domini
806 1066 895 1117 emor
917 1048 1102 1133 adquiritur.
1139 1049 1201 1117 bue
1222 1050 1345 1117 aeoedit

214 1156 297 1239 qnod
320 1173 377 1219 nee
396 1153 454 1219 ille
468 1150 645 1230 inmlmrtlo,
669 1152 745 1217 dnm
767 1151 915 1219 leemosi
930 1152 1009 1219 lueri
1030 1156 1131 1220 mater
1147 1153 1344 1221 othonorum

215 1263 278 1339 uia,
292 1259 436 1341 inpuotae
451 1255 641 1321 humilitatis
656 1254 759 1339 potnit
774 1258 880 1321 tenore
894 1254 1119 1326 substantium.
1138 1256 1186 1323 sie
1199 1258 1346 1341 reparata

215 1366 290 1429 sont
318 1380 397 1446 qnae
424 1361 569 1426 inimicus
603 1357 733 1442 eripuit,
766 1361 803 1425 ut
832 1358 933 1425 adhue
968 1359 1152 1444 gaudiorum
1182 1361 1345 1427 cumulum

215 1466 424 1551 praestoleris.
462 1465 629 1547 supersunt
660 1480 744 1547 quea
761 1462 870 1546 in-spe
898 1461 1090 1542 habeantur,
1120 1482 1191 1530 oum
1213 1464 1346 1531 culmini
1356 1487 1379 1525 e

215 1570 270 1636 tuo
294 1568 461 1651 eontigerit
484 1566 621 1633 maxims
642 1566 706 1634 mm
721 1568 838 1637 tenere.
863 1565 911 1655 bis
939 1566 1099 1633 benefieiis
1121 1566 1204 1633 eeelo
1219 1568 1346 1634 auetoro

215 1674 349 1741 conlatis
365 1670 498 1737 notitiae
513 1673 545 1734 et
561 1668 787 1736 communionis
799 1672 923 1737 nostrae
935 1669 1018 1737 bona
1030 1672 1204 1758 iungemus.
1221 1674 1345 1755 quando

178 1792 182 1801 '
215 1775 293 1843 mihi
316 1778 441 1841 tentum
471 1776 574 1840 uirum
603 1773 664 1838 nisi
686 1792 741 1856 por
771 1772 826 1842 ille
848 1790 926 1857 quae
957 1773 1117 1859 praelatus
1146 1790 1217 1839 sum
1241 1774 1346 1840 eonti-

214 1882 312 1965 gisset
335 1880 526 1963 agnoscere?
563 1876 618 1942 sed
647 1880 785 1959 augeant
808 1894 941 1959 superne
964 1894 1041 1961 quae
1067 1876 1213 1941 tribuunt
1244 1877 1276 1941 et
1308 1878 1346 1943 nd

215 2003 294 2067 quae
323 1980 478 2048 desideria
505 1982 708 2068 porriguntur
739 1979 849 2047 diuina
878 1998 934 2045 noe
959 1996 1034 2045 eura
1055 1979 1215 2061 perduoei.
1263 1978 1379 2064 quode

215 2087 325 2169 restat,
340 2086 420 2167 unte,
436 2084 481 2148 mi
496 2086 627 2163 domine,
651 2085 683 2148 et
705 2088 864 2151 amantem
880 2084 926 2147 tui
943 2084 1060 2149 crebris
1075 2082 1144 2148 lone
1161 2080 1346 2165 conloquiis,

218 2189 291 2271 quia
312 2188 375 2253 nisi
396 2187 576 2273 epistularis
600 2186 795 2252 oonoinnatio
824 2186 947 2253 teneret
970 2188 1140 2251 terminum
1163 2186 1232 2273 lege
1256 2204 1348 2271 prae·

216 2290 378 2374 seriptum,
401 2290 517 2374 gaudia
540 2308 590 2354 me
611 2290 646 2355 in
668 2290 769 2355 multa
792 2289 887 2357 uerba
909 2288 1128 2355 diffunderent.

754 2492 809 2558 vl,

607 2606 739 2704 noerio
758 2647 948 2703 ennomus.
1356 2666 1381 2707 e

256 2774 319 2841 Par
341 2773 468 2858 quidem
491 2772 593 2839 luerat
615 2774 686 2838 unis
709 2773 824 2839 litteris
853 2770 1080 2856 magnitudinis
1109 2774 1182 2838 tuae
1214 2791 1346 2856 respon·
1451 2850 1452 2861 χ

214 2876 298 2943 disse
314 2878 499 2960 simpliciter
513 2894 569 2945 neo
579 2876 740 2962 geminare
753 2876 863 2943 debere
878 2874 1040 2957 oonloquia
1054 2875 1150 2940 semel
1162 2874 1347 2943 obnoxium:

213 2982 272 3047 sed
295 2981 437 3047 murrone
460 2980 500 3047 ed
521 2978 591 3060 hoo,
614 2996 678 3045 non
700 2978 828 3047 inscitie
850 2978 1018 3046 deuolutus
1040 2996 1119 3045 sum.
1143 2979 1180 3045 de
1203 2980 1347 3062 utrisque
1451 3032 1452 3035 ,

216 3086 300 3151 enirn
315 3084 459 3168 epistulis
474 3100 537 3152 una
550 3084 734 3167 obsequitur
753 3082 866 3161 debito,
890 3080 991 3149 altera
1006 3080 1184 3166 praestatur
1206 3080 1345 3149 affectui.
1451 3120 1452 3159 ;

213 3187 351 3278 ,orente
379 3186 466 3253 nolas
493 3186 604 3270 putaui
633 3205 696 3253 non
728 3205 800 3254 eum
829 3184 951 3251 faenore
981 3203 1037 3250 suo
1065 3183 1230 3251 restituere
1263 3184 1382 3269 quode
1451 3210 1452 3249 1

209 3308 305 3364 ,mens
327 3288 513 3357 uenerabilis
536 3289 638 3378 prima
659 3288 844 3357 contulerat.
882 3286 1023 3353 duloiora
1049 3288 1216 3355 sustento
1240 3306 1347 3353 erem·
1451 3276 1452 3365 ξ

216 3394 305 3478 plum
335 3392 415 3459 bona
442 3393 640 3480 diligentiae,
669 3410 727 3460 neo
757 3392 881 3457 tentum
910 3385 1007 3455 habet
1036 3386 1153 3454 uirium
1175 3388 1231 3457 aut
1258 3390 1347 3475 genii

268 3613 454 3669 lmalitiaeL
548 3612 731 3682 patrociniil'
821 3611 951 3682 dinolyti
964 3610 1142 3682 BTV(eedy
1155 3610 1275 3677 Boom)

215 3698 594 3804 prineiptieB·1„prineipi¹e
613 3732 641 3787 r
729 3732 866 3787 onomius
879 3732 917 3787 n
1013 3732 1117 3787 neore
1133 3732 1161 3787 re
1257 3734 1346 3787 eerr-

215 3823 280 3890 pnet
296 3821 324 3875 B
419 3819 592 3888 grandiorum
609 3818 675 3885 fort
773 3818 1093 3889 eomnlnmprnemulorie
1109 3817 1136 3873 B
1224 3819 1258 3875 ln
1273 3820 1347 3875 noti-

214 3907 280 3977 tiae]
298 3906 383 3963 etiem
400 3905 516 3959 notitiae
532 3904 560 3959 B
655 3904 689 3960 15
706 3904 800 3959 diuina
817 3920 851 3959 eo:
869 3904 968 3959 diuitis
988 3906 1014 3960 Y
1027 3906 1101 3960 Μ
1205 3920 1253 3975 nos
1271 3900 1345 3973 curn]

214 3996 313 4047 natura
330 3993 346 4047 b
364 3996 390 4047 et
407 4006 507 4048 max.
525 4006 547 4046 e.
562 3990 579 4045 l.
598 3989 626 4043 Β
730 3989 764 4043 16
782 3989 850 4044 mihi
867 3989 895 4044 L
1001 3988 1032 4045 l‘l
1051 3990 1230 4059 perscriptum
1250 3988 1277 4044 B

210 4076 249 4132 ‘18
266 4076 447 4132 diffunderent
465 4078 493 4131 B

266 4178 313 4237 vn
342 4178 377 4234 22
395 4166 498 4251 sspnst
515 4181 543 4236 n
631 4177 675 4237 'ss
692 4180 817 4237 ereren
911 4180 946 4235 24
964 4182 1100 4251 prensus
1117 4178 1174 4236 nr
1268 4178 1345 4237 mee·

214 4268 272 4321 tui·
289 4266 317 4322 B
418 4267 454 4323 25
473 4266 573 4337 putatjj
594 4267 631 4323 Τ·
733 4268 892 4336 imnereV,
921 4267 1027 4323 foenore
1043 4268 1084 4333 L,
1114 4267 1205 4323 tenore
1221 4268 1283 4325 Bu*
