2934 4934
257 370 321 437 442
618 365 732 434 Magni
750 361 878 417 Felicis
896 362 1026 417 Ennodi

258 562 289 626 et
299 558 478 625 studiorum
491 554 706 623 hereditatem
718 554 824 638 adepti
837 556 912 619 sunt
926 556 960 619 et
973 553 1092 619 ruinae.
1112 553 1250 637 proinde,
1265 549 1374 627 staua,

257 664 438 733 manentem
467 662 499 726 in
528 660 671 742 supernis
701 660 830 741 patrum
858 661 891 723 et
917 658 1143 723 adhaerentem
1172 656 1266 723 beato
1291 656 1373 721 Petro

256 768 363 833 tenete
383 764 586 843 sententiam,
607 763 684 846 quia
707 779 762 826 nos
782 762 920 827 mundae
938 760 1090 826 eeclesiae
1111 761 1146 825 et
1161 777 1224 825 non
1244 758 1374 827 habentis

257 868 412 935 maculam
427 871 575 949 optamus
588 866 756 931 unitatem.
778 864 936 947 patienter
948 865 1031 930 ferro
1051 880 1113 929 non
1128 880 1292 944 possumus
1304 878 1375 927 naua

256 972 289 1037 in
305 971 467 1038 Christum
489 970 632 1035 nostrum
647 972 679 1033 et
697 967 882 1052 blasphema
895 968 1073 1033 ructantes:
1099 969 1226 1046 scimus,
1242 968 1312 1048 qun
1328 965 1399 1047 unis

255 1076 288 1141 in
311 1074 457 1158 putribus
486 1070 638 1139 membris
671 1089 732 1137 non
768 1072 871 1136 utitur
899 1071 976 1135 terri
1002 1070 1160 1137 medicine
1190 1067 1374 1151 serpentibus

255 1178 374 1244 morbis
398 1178 538 1261 praestat
561 1176 723 1259 obsequia:
754 1193 828 1241 nam
850 1176 913 1240 nisi
939 1177 1084 1241 secentur
1110 1174 1283 1252 tabefacta,
1312 1191 1373 1237 eon·

254 1284 422 1347 taminent.
446 1280 580 1362 pacifica
596 1283 643 1344 eet
659 1296 730 1343 cum
748 1278 808 1351 his.
830 1279 885 1361 qui
900 1280 1023 1343 rectam
1038 1276 1187 1343 nituntur
1201 1277 1372 1360 inpugnare,

255 1384 439 1468 congressio.
485 1384 555 1465 quis
579 1401 598 1447 a
619 1382 711 1448 bellis
739 1380 858 1447 tutibus
883 1382 1010 1446 timoris
1032 1384 1197 1447 reuocetur
1218 1377 1373 1455 obstaculo,

174 1492 177 1501 '
255 1487 426 1570 dequibus
456 1485 550 1551 uitali
573 1487 671 1568 possit
693 1487 796 1549 morte
826 1485 982 1568 madere?
1026 1486 1139 1567 quibua
1161 1484 1274 1550 mnndi
1294 1484 1397 1548 huno

253 1590 472 1674 potestatibus,
489 1589 540 1655 uel
555 1588 581 1653 si
598 1588 768 1672 minentur,
793 1588 1056 1671 adquiesoendum
1074 1589 1241 1668 oredimus,
1265 1587 1373 1671 quando

253 1693 340 1761 aliud
364 1694 501 1777 imperat
523 1692 577 1774 qui
608 1709 705 1775 regna
733 1691 928 1768 moderatur,
973 1692 1098 1757 dicente
1125 1692 1282 1775 apostolo:
1310 1708 1372 1756 non

253 1800 344 1862 eunt
367 1795 588 1879 condignae
617 1795 831 1875 passiones
858 1794 981 1859 huius
1003 1795 1140 1861 mnndi
1169 1796 1217 1860 ad
1247 1813 1372 1877 snper·

253 1902 463 1966 uenturam
485 1898 667 1983 gloriam,
690 1916 787 1980 quae
808 1898 1061 1964 reuelabitur
1081 1900 1122 1963 in
1143 1899 1282 1966 nobis?
1302 1898 1372 1963 dura

253 2002 534 2071 ecclesiasticorum
556 2002 651 2069 corda
675 2004 731 2067 aut
752 2001 884 2068 turbant
898 2021 977 2085 quae
994 2003 1200 2086 inpraesenti
1222 2004 1291 2069 uita
1309 2003 1395 2067 sucu

252 2108 309 2172 aut
338 2106 514 2171 delectant:
545 2105 657 2187 quibus
680 2106 833 2184 Aeacius,
862 2107 917 2188 qui
947 2107 1015 2171 diro
1036 2106 1154 2171 diaboti
1182 2124 1202 2170 a
1228 2104 1372 2171 sentenia

252 2222 310 2273 aaa
332 2210 437 2274 motus
460 2210 601 2291 imperio,
625 2207 752 2274 erubuit
774 2209 829 2273 diu
846 2211 1109 2293 propugnatorem
1131 2228 1166 2273 se
1187 2210 1286 2276 fuisse
1305 2208 1372 2273 neri·

251 2313 330 2378 tatis
354 2316 386 2376 et
409 2312 485 2377 clari
508 2312 654 2376 deserens
669 2317 854 2378 ornamenta
869 2314 1050 2377 comminuta
1064 2312 1261 2395 triumphum
1281 2324 1370 2383 sunm,

251 2432 344 2499 quem
367 2415 425 2479 sub
448 2414 599 2480 Basilisco
622 2416 673 2497 pio
697 2416 809 2481 sudore
831 2420 999 2494 meruerat,
1023 2414 1208 2481 debellauit:
1231 2415 1286 2498 qui
1307 2412 1370 2478 solis

249 2520 396 2601 praemiis
419 2518 483 2583 suis
507 2534 606 2599 paene
622 2519 761 2601 tempore
775 2518 951 2599 adeptionis
974 2519 1100 2595 inuidit,
1123 2537 1212 2601 spem
1234 2521 1393 2585 bonorum·

250 2620 410 2686 fructuum
433 2620 583 2705 perfidiae
605 2620 686 2685 falce
708 2622 879 2685 aucddena.
901 2621 1032 2704 grauius
1047 2622 1131 2687 enirn
1148 2626 1196 2687 est
1217 2622 1370 2705 degustata

250 2726 332 2790 bona
354 2714 449 2806 quam
472 2725 592 2788 intecta
614 2724 768 2789 calcasse:
791 2724 872 2789 nihil
887 2725 1078 2791 defensionis
1099 2729 1242 2807 superest
1263 2721 1369 2791 homini

249 2830 320 2910 poet
343 2826 467 2891 dulcem
489 2826 630 2892 iustitiae
644 2844 788 2909 saporem
805 2828 844 2891 ad
861 2828 1022 2895 mortifera
1039 2827 1245 2893 schismatum
1265 2841 1370 2893 uenena

248 2932 400 2997 redeunti.
425 2931 464 2995 de
486 2930 535 2994 his
559 2948 639 3012 quae
654 2930 786 3012 praefati
810 2948 919 2996 snmus
942 2936 1054 2997 natum
1070 2937 1128 3009 est,
1150 2933 1234 3014 quod
1255 2934 1288 2997 in
1301 2930 1369 2996 Ocn-

248 3030 532 3115 stantiropolitano
554 3052 652 3115 nuper
673 3033 806 3099 eeclesia
820 3032 923 3098 fertur
936 3032 1121 3099 admissum.
1145 3036 1230 3101 uude
1243 3035 1392 3120 petimus

350 3205 368 3257 c
390 3204 424 3259 er.
443 3204 539 3273 nanu.
558 3206 583 3269 a,
601 3206 634 3259 ar
742 3206 774 3258 12
796 3207 874 3261 nom.
891 3208 917 3272 a,
937 3206 969 3261 18

301 3324 472 3414 lstndcrum
492 3358 519 3414 Β
622 3360 828 3417 Ξῡάὴοτειιιοω
846 3361 901 3417 BL
1002 3364 1113 3433 pcbeato
1131 3364 1159 3419 L
1262 3334 1364 3419 utensi

247 3444 273 3498 L
368 3462 422 3500 non
440 3447 499 3513 (ott.
516 3463 535 3500 n
553 3448 586 3501 iou
602 3450 669 3515 rue.)
689 3446 716 3501 L
813 3449 957 3503 4enfferre
975 3450 1022 3504 Pb
1117 3452 1310 3507 doristumB

245 3528 412 3600 blasphemia
423 3531 459 3601 L,
479 3530 649 3587 blasfemaB
745 3516 885 3604 quia³'¹¹B
971 3536 1090 3591 duritnr
1103 3536 1310 3592 L¹ataidetar

246 3614 385 3684 'iprestat
403 3613 431 3671 Β
527 3620 645 3673 secintur
663 3617 691 3673 Β
789 3619 924 3674 Sreotam
942 3620 1011 3675 BV¹
1112 3623 1145 3677 10
1161 3622 1303 3692 dequibus
1319 3620 1366 3680 Bt.

245 3717 330 3787 deque
353 3718 464 3775 nPrV
563 3726 667 3777 mortae
690 3721 718 3777 Β
824 3723 855 3777 11
880 3690 1032 3795 potesiibus
1052 3718 1091 3792 B,
1118 3728 1304 3796 potentatibus
1320 3725 1365 3787 Po.

244 3804 400 3873 potentibus
413 3808 496 3863 Sirra
592 3810 624 3863 13
637 3807 809 3879 passionisB
895 3815 1119 3880 superueuturum
1132 3814 1169 3868 L¹
1262 3816 1296 3870 14
1306 3814 1364 3868 flurs
1423 3845 1424 3860 i

242 3892 336 3947 —diro
362 3909 413 3948 om.
438 3892 477 3948 Β1
501 3894 566 3950 odd.
586 3911 656 3951 ocor.
674 3893 706 3951 ia
722 3913 776 3967 rap.
880 3898 913 3952 16
937 3897 1069 3953 dilectant
1091 3895 1120 3955 Β
1222 3900 1332 3957 Aeacius
1347 3889 1424 3966 t}

242 3976 380 4033 amachius
407 3980 447 4047 Β,
477 3982 603 4037 aoaohiue
631 3981 695 4050 LV,
726 3982 848 4038 aciamus
876 3981 912 4048 T3
943 3982 1081 4040 subiacuit
1105 3987 1218 4043 Aeacius
1242 3989 1306 4056 sort.
1423 4021 1424 4062 3

242 4080 302 4145 rin
323 4081 359 4136 r*
464 4085 497 4138 ra
520 4084 663 4139 triumfum
680 4086 709 4141 n
812 4087 846 4141 19
863 4068 983 4144 ”minuce
1005 4091 1034 4146 a
1135 4093 1257 4148 suram
1280 4092 1308 4145 n
1423 4119 1424 4162 z

242 4166 318 4237 solis]
337 4168 430 4225 solidis
446 4169 514 4236 fori.
609 4172 644 4227 20
661 4173 772 4242 premiis
788 4174 817 4225 Β
911 4192 978 4245 pene
994 4177 1060 4231 uitri
1153 4178 1255 4234 inuidit
1271 4176 1365 4246 asiai
1423 4167 1424 4176 ¹

241 4252 348 4307 inuidet
360 4255 423 4310 istri
515 4258 549 4311 21
562 4256 681 4313 fructum
695 4257 731 4322 Β,
750 4258 894 4315 fructde
986 4260 1097 4329 perfidie
1107 4261 1148 4332 (di
1160 4266 1192 4319 ia
1202 4264 1306 4332 τηεμ
1423 4265 1424 4334 i

241 4338 275 4393 23
293 4342 449 4396 scismatum
467 4342 607 4399 BLPTV
705 4344 741 4402 25
758 4346 821 4401 inde
838 4346 922 4403 Sim.
1423 4351 1424 4390 ἶ
