2934 4934
431 401 672 473 Epistularum
689 404 780 461 liber
798 404 851 461 ΙΠ.
1167 408 1208 473 75

89 597 157 660 uate
176 595 317 678 peccatis
336 594 421 661 colle
440 594 582 661 submisi
605 612 675 661 ecco
697 595 762 661 iam
784 596 872 677 quasi
894 594 1034 678 aequalis
1057 594 1205 679 appellor.

89 696 181 762 erexit
209 716 260 762 me
282 697 345 762 ‘din
367 696 523 765 custodita
542 696 705 767 subiectio.
742 696 813 763 ioue
841 716 914 783 crgo
935 717 986 763 mo
1014 697 1206 765 orationibus

54 845 56 849 ψ
88 802 160 865 tuis:
184 800 323 866 ostendis
345 800 428 867 enim
451 801 574 887 paginis
602 800 715 886 fragile
738 819 757 868 a
784 802 871 868 uobis
900 818 963 867 non
985 800 1121 867 exhiberi
1151 818 1205 883 pa·

86 904 257 969 trocinium.
281 921 354 968 nam
378 905 409 967 et
430 902 484 969 isti
500 904 638 990 suscepti
661 904 744 982 sunt,
769 902 821 986 qui
836 902 1020 978 mihibona,
1039 902 1204 987 dequibus

68 1006 192 1089 egestio,
209 1006 415 1072 contulerunt.
438 1008 476 1072 ad
493 1026 558 1072 rom
574 1009 675 1073 redeo.
698 1006 840 1091 perditus
863 1004 918 1071 ille
933 1004 1063 1072 clericus
1080 1006 1206 1089 expauit

85 1128 210 1175 causam
232 1111 332 1176 dicero
355 1108 437 1195 apud
459 1110 645 1193 episcopum,
654 1102 832 1194 ‘postquam
855 1108 981 1176 defendi
1012 1128 1031 1173 a
1053 1128 1102 1174 mo
1125 1108 1206 1174 uidit

86 1229 142 1291 eos,
166 1211 280 1298 quibus
302 1232 406 1279 meum
428 1212 599 1295 deputastis
622 1212 813 1297 obsequium.
852 1230 998 1299 suggero,
1029 1214 1055 1277 si
1077 1210 1202 1291 iubetis,

84 1319 116 1380 ut
136 1335 221 1381 unus
250 1316 287 1381 do
315 1316 390 1399 ipsis
417 1316 600 1383 Rauennam
627 1315 767 1382 ambulet
795 1335 867 1381 cum
896 1315 1009 1381 uestris
1037 1314 1076 1381 ad
1105 1314 1206 1381 filium

84 1423 223 1484 uestrum
246 1422 395 1486 domnum
415 1420 568 1485 Faustam
596 1418 873 1504 commendaticiis,
904 1437 943 1485 no
965 1417 998 1485 in
1019 1418 1205 1503 praeiudicio

55 1521 220 1606 roipoorum
241 1522 365 1587 uenalis
391 1521 547 1602 iudicum,
569 1521 622 1605 qui
644 1522 813 1589 Mediolani
836 1522 1020 1607 exuberant,
1051 1521 1207 1587 sententia

84 1623 288 1707 depromatur.

626 1810 661 1873 V.

462 1946 647 2003 ENNODIVS
667 1946 822 2003 nrfflnlo.

122 2068 266 2137 Grandes
286 2068 390 2133 lriatus
410 2068 534 2152 paterer
555 2068 733 2135 litterarum
762 2071 940 2135 uestrarum
962 2067 1102 2137 elenatus
1125 2069 1203 2136 allo·

24 2255 25 2263 ἵ
53 2171 168 2255 conio,
197 2173 310 2236 sinon
330 2170 394 2235 moi
416 2171 558 2236 conscius
580 2171 759 2254 inperitiam
787 2169 904 2254 pudore
927 2172 1149 2254 conprimerem
1173 2176 1205 2238 et

81 2272 190 2339 indicii
211 2275 335 2338 lanam
356 2276 506 2356 tenerem,
528 2274 625 2338 etiam
647 2291 718 2338 curn
740 2272 850 2339 laudor
872 2270 1044 2339 inmeritus.
1078 2292 1134 2341 uos
1156 2274 1203 2342 di·

81 2377 188 2459 gnatio
210 2393 360 2442 oenomao
383 2375 459 2440 lecit
479 2374 694 2441 immemores:
722 2394 773 2441 mo
794 2376 987 2459 propositum
1009 2380 1093 2443 intra
1113 2394 1204 2443 uero·

80 2478 215 2545 cundum
238 2480 351 2562 degero
372 2480 531 2563 penetrale
553 2478 711 2563 conpellit.
744 2498 800 2545 nos
822 2479 938 2564 scripta
959 2499 1030 2545 mea
1052 2482 1203 2563 tanquam

81 2584 220 2667 amantes
244 2581 415 2647 adtollitis:
438 2600 489 2645 me
509 2599 631 2647 necesse
654 2585 702 2647 eat
722 2581 795 2647 illos
816 2584 964 2660 metuero,
994 2582 1047 2665 qui
1076 2583 1203 2650 rancido

52 2684 286 2768 adespicientes
308 2686 420 2750 cuncta
433 2683 578 2771 neglectu
592 2687 688 2750 etiam
709 2685 892 2751 edocumata
907 2684 1122 2753 condemnant.
1145 2704 1203 2771 ago

82 2789 186 2853 tamen
208 2789 328 2873 gratias
350 2788 432 2871 quod
453 2788 535 2871 apud
558 2788 706 2855 domnum
727 2789 900 2856 Patricium
926 2787 1026 2853 talem
1048 2808 1098 2853 me
1120 2788 1204 2853 iudi-

82 2891 144 2955 cari
165 2889 317 2973 scubilio,
333 2892 457 2974 qualem
471 2897 576 2957 umtro
598 2891 777 2958 testimonio
792 2890 978 2957 reddidistis.
1002 2889 1203 2957 insinuationi

83 3012 152 3079 orgo
175 3012 264 3061 amor
286 2992 417 3061 debetur
438 2993 508 3073 iste,
530 3011 592 3061 non
613 2995 754 3081 paginae,
778 3012 871 3077 quam
894 2992 1001 3061 scaber
1023 2993 1115 3061 stilus
1138 2993 1203 3060 siue

82 3096 275 3181 eloquentiae
309 3096 380 3163 dote
415 3096 561 3181 signauit
603 3098 826 3164 salutationem
860 3101 965 3165 tamon
997 3096 1203 3183 magnitudini

51 3204 199 3267 sesamae
233 3199 362 3285 dignam
392 3200 529 3267 referens
564 3201 621 3267 deo
652 3202 769 3286 gratias
807 3218 875 3284 ago,
905 3200 986 3283 quod
1009 3200 1123 3267 uotiuis
1146 3219 1202 3267 uos

81 3305 182 3367 auctos
202 3303 394 3369 successibus
415 3302 538 3369 reduxit
559 3306 599 3371 ad
620 3305 753 3388 propria,
776 3321 852 3389 quos
875 3321 961 3369 mons
984 3322 1053 3369 moa
1075 3322 1130 3387 pro
1153 3322 1200 3371 eo-

80 3405 206 3473 ueriona
230 3405 372 3471 caritatis
394 3424 565 3488 numquam
588 3406 685 3472 sentit
705 3407 861 3475 absentes.

129 3676 292 3733 laummiei
315 3677 372 3732 BV
471 3676 573 3747 equalis
597 3675 623 3729 Β
725 3678 808 3731 2me
825 3692 887 3747 ergo
910 3677 957 3733 Po
1064 3678 1202 3733 3oribori

80 3794 146 3851 ara
245 3796 367 3852 oues
383 3810 490 3851 auam
510 3796 537 3851 r
637 3795 763 3882 sinu
862 3764 1114 3853 scamander,

130 3934 162 3991 V.
197 3935 230 3990 l‘l
253 3951 365 3991 coneme
387 3936 416 3991 Β
528 3936 560 3991 19
583 3900 722 4021 ιᾱιοΙΙίιξι
746 3934 773 3989 Β
883 3935 918 3992 20
936 3934 1075 3991 edocumta
1093 3950 1126 3989 ca
1143 3935 1202 3990 ode·

79 4040 183 4093 sumata
210 4036 238 4091 Β
356 4039 391 4093 23
418 4038 529 4093 debetur
557 4052 632 4093 amor
661 4038 686 4091 Τ
797 4039 898 4109 pagiua
925 4054 957 4092 ca
984 4038 1079 4108 pagine
1106 4039 1134 4093 Β

78 4138 113 4193 25
130 4154 192 4209 agno
210 4139 238 4195 Β
340 4140 448 4196 uotiuos
466 4140 493 4195 Β
596 4140 630 4195 26
647 4143 720 4196 actos
740 4141 771 4208 Τ,
799 4144 848 4195 aut
865 4156 908 4195 coe
926 4157 954 4226 re
971 4139 999 4194 Β
1104 4142 1137 4195 27
1155 4158 1200 4211 pu-

78 4244 158 4310 gina·
178 4242 239 4308 (ml
256 4246 337 4309 erce.)
355 4242 383 4297 L
485 4242 618 4298 claritatis
639 4243 665 4298 Τ
