2934 4934
239 385 304 453 270
598 383 713 453 Magni
731 383 859 438 Felicis
876 383 1005 438 Ennodr

239 575 371 654 animae,
393 572 428 636 in
451 589 541 638 auras
565 572 712 640 euolaret
736 591 798 639 non
820 590 892 638 anm
914 571 976 638 uiri
991 571 1081 638 fortis
1097 571 1188 638 bude
1202 572 1369 655 perimitur

240 675 293 759 qui
315 676 398 742 unde
421 675 528 740 ueniat
550 676 652 741 nesoit
674 693 809 741 ooeasus.
847 692 905 740 neo
926 674 1015 740 illins
1035 673 1150 740 militis
1172 676 1281 743 eunus
1302 678 1367 743 tuis

239 777 389 843 fortitudo
412 778 609 860 conparanda
631 779 680 843 est
702 796 760 844 neo
782 796 838 861 par
848 779 909 844 est
930 778 964 843 in
987 777 1066 843 duee
1088 778 1251 862 sapientia
1273 778 1367 845 illum

240 879 342 948 oiuilis
365 881 442 948 belli
465 880 551 946 furor
575 881 730 965 agitabat:
775 884 807 946 te
841 878 926 947 orbis
962 879 1090 946 domina
1120 881 1161 947 ad
1189 882 1292 948 status
1314 883 1366 948 sni

238 985 465 1068 reparationem
481 984 581 1050 Roma
596 983 754 1067 poscebat.
777 983 833 1050 sed
849 983 925 1067 quid
940 982 1048 1050 differo
1063 987 1144 1066 qnod
1159 984 1220 1048 tibi
1235 986 1365 1052 euentus
1391 1009 1410 1051 s

238 1088 343 1154 dexter
357 1087 520 1154 exhibuit?
532 1090 691 1154 cesserunt
703 1084 941 1152 confertissimis
953 1085 1092 1153 hostium
1109 1090 1234 1154 tuorum
1250 1089 1364 1155 turmis

238 1208 313 1272 quos
335 1190 465 1256 ulterior
487 1190 557 1273 ripa
580 1193 767 1274 susceperat.
810 1187 1028 1272 urguebantur
1055 1189 1129 1256 telis
1150 1208 1227 1273 quos
1248 1209 1364 1278 uorago

238 1295 294 1358 ant
314 1293 450 1376 inruptio
475 1311 537 1362 non
561 1291 706 1358 tenebat:
737 1292 858 1360 ieiunas
880 1295 1042 1374 pectorum
1064 1293 1167 1360 arabes
1188 1297 1261 1360 asta
1282 1295 1364 1361 uali-

238 1395 376 1465 dioribus
413 1396 539 1462 desertis
571 1395 681 1463 lanuea
717 1395 942 1474 transmeabat,
973 1414 1046 1462 enm
1079 1396 1161 1462 inter
1198 1397 1364 1481 naufragia

237 1499 363 1564 terrena
392 1501 426 1563 et
456 1496 572 1566 cruoris
608 1497 707 1565 undas
740 1498 968 1566 inniotissimns
995 1499 1104 1565 duator
1125 1500 1282 1582 apparuit,
1303 1501 1405 1566 taline

236 1602 379 1668 muniens
401 1601 561 1668 adstantes
584 1601 738 1685 alloquio:
764 1602 835 1685 “qui
850 1604 883 1668 in
898 1600 1007 1668 hostili
1022 1603 1087 1670 aoie
1101 1604 1188 1670 uiam
1210 1603 1367 1670 desiderat

237 1722 287 1770 me
310 1706 472 1787 sequatur:
497 1723 558 1772 non
574 1705 722 1788 respiciat
744 1705 879 1771 alteram
895 1707 949 1788 qni
963 1705 1133 1772 dimioandi
1146 1706 1247 1790 posuit
1261 1725 1368 1772 exem·

237 1807 336 1888 plum.
380 1807 482 1874 uirtus
504 1808 743 1876 multitudinem
768 1826 831 1874 non
852 1808 1001 1891 requirit:
1045 1810 1084 1876 ad
1105 1826 1221 1890 pausos
1243 1807 1366 1875 uadunt

235 1910 329 1992 bolla,
351 1910 506 1980 bellorum
529 1905 650 1978 fruetus
665 1913 705 1978 ad
720 1911 881 1994 plurimos.
903 1912 941 1976 ds
962 1929 1014 1976 me
1036 1911 1255 1979 aestimabitur
1277 1930 1366 1978 exor-

237 2015 328 2092 oitus‚
351 2015 384 2080 et
405 2013 439 2079 in
462 2014 520 2095 his,
545 2034 622 2099 quae
644 2033 780 2099 gessero,
802 2032 879 2098 gens
897 2014 1081 2097 triumphat
1104 2014 1247 2081 adtollite
1262 2014 1363 2100 signa
1375 2041 1402 2082 ιε

236 2133 291 2198 por
305 2135 384 2199 quae
399 2135 438 2181 ns
453 2116 569 2184 lateam
584 2118 784 2202 prouidetur:
801 2118 946 2184 nouerint
963 2136 1056 2200 quem
1071 2120 1183 2200 petant
1201 2122 1257 2183 aut
1271 2117 1363 2184 ouius

236 2219 353 2303 iugulis
369 2219 581 2304 adquiescant.
601 2221 654 2302 qni
670 2221 850 2304 eongreasui
863 2239 934 2286 meo
949 2220 1142 2288 ooourrerint
1155 2221 1363 2288 nobilitentur

237 2321 359 2388 enitio''.
382 2323 431 2388 hia
451 2322 544 2390 dietis
559 2324 704 2407 pooulum
720 2343 814 2392 eausa
833 2326 972 2408 poposoit
994 2324 1127 2406 auspicii
1148 2327 1180 2390 et
1200 2323 1317 2390 laxatis
1331 2326 1366 2390 in

236 2423 387 2509 proelium
409 2425 540 2492 babonis
565 2425 680 2492 effusus
702 2428 759 2492 est.
795 2432 832 2492 ut
853 2427 974 2494 torrens
991 2431 1070 2506 sata,
1093 2429 1130 2493 ut
1151 2425 1200 2494 leo
1222 2431 1368 2494 armenta

236 2529 379 2608 uastast,
402 2545 459 2595 neo
481 2547 667 2598 eonourreus
684 2529 849 2611 quisquam
864 2529 1006 2598 substitit
1028 2547 1086 2596 neo
1107 2529 1238 2596 euadere
1259 2530 1398 2613 potuita

235 2633 459 2715 insequentem.
497 2632 662 2715 portabare
696 2650 752 2714 per
785 2631 933 2699 uniuersa
964 2632 1029 2700 iam
1051 2633 1267 2699 deficientibus
1289 2633 1364 2699 telis

237 2735 338 2800 adhue
359 2733 409 2801 ira
431 2735 599 2804 ormoents.
625 2735 780 2819 extenplo
803 2735 994 2817 (tepidum
1024 2754 1113 2802 uersa
1134 2736 1278 2814 madido
1297 2738 1361 2802 est:

235 2836 377 2918 palantes
399 2837 460 2902 nisi
481 2839 558 2905 sunt
577 2837 702 2904 mutata
723 2841 807 2902 sorte
829 2838 972 2904 uictores.
996 2857 1069 2904 nam
1091 2841 1137 2914 tu,
1161 2838 1361 2916 uenerabilis,

236 2941 289 3021 qui
311 2939 513 3006 inoomitatns
528 2941 658 3024 gustum
672 2939 856 3007 luctaminis
873 2939 1064 3024 adripueras,
1080 2941 1217 3009 uadatus
1230 2941 1362 3008 milibus

234 3041 408 3108 incedebas.
425 3061 517 3110 oaesa
532 3044 580 3113 est
591 3041 763 3110 multitudo
779 3043 971 3126 aduersaria,
986 3047 1082 3112 deuse
1095 3062 1212 3127 pausos
1229 3044 1396 3127 eriperets

235 3163 294 3210 nox
317 3145 431 3226 uicina,
455 3146 530 3213 dum
554 3146 594 3211 ad
616 3165 698 3232 uaga
720 3145 832 3213 horrea
853 3149 949 3231 oopiis
977 3146 1105 3213 urbium
1136 3148 1250 3214 referta
1272 3147 1360 3214 ueni·

287 3366 463 3436 lperemitur
475 3366 509 3435 Β,
528 3367 683 3437 pimitan
780 3367 981 3423 2nenitSr'rm.
1077 3368 1178 3423 milites
1190 3367 1293 3426 BLVt

232 3452 251 3507 1
268 3450 401 3522 agitabat]
420 3451 556 3522 attigsbat
580 3451 605 3506 Τ
705 3454 722 3508 6
745 3453 929 3508 solertissimis
947 3453 974 3521 (o
991 3454 1023 3508 ia
1039 3456 1163 3522 mall,
1191 3455 1358 3510 eonfortiasi·

233 3538 285 3592 mis
305 3535 339 3604 L,
367 3553 428 3592 oum
441 3537 598 3593 fortissimis
614 3537 681 3592 ΒΜ
775 3537 791 3592 7
809 3540 881 3609 ripas
898 3539 925 3594 L
1015 3540 1200 3624 urguebantur
1218 3541 1256 3610 B,
1282 3557 1358 3611 urge·

234 3639 331 3695 bantur
348 3637 433 3695 MV
524 3638 618 3712 uirago
637 3645 686 3694 aut
703 3643 790 3710 (etp)
807 3655 875 3710 qnos
893 3640 965 3711 Bbp
1066 3642 1206 3698 Btarebat
1224 3645 1291 3711 fort.

233 3728 267 3782 11
285 3725 359 3780 ostili
378 3725 405 3780 L
510 3727 543 3783 15
559 3725 799 3797 triumphabitp.
883 3728 915 3782 16
937 3729 1211 3798 petant(aa‘aaras.)
1230 3729 1271 3797 L,
1298 3744 1356 3800 paa-

231 3851 294 3902 ιω
320 3847 348 3902 s
465 3811 515 3904 eu's'
540 3847 568 3902 n
683 3845 941 3902 rubeomonte
1055 3847 1238 3905 „numanam
1264 3850 1293 3906 B

234 3969 267 4023 18
287 3967 433 4038 poposeisti
454 3967 525 4024 cont
543 3967 649 4023 Musam
752 3969 848 4038 aspieii
866 3967 907 4034 Β,
931 3934 1016 4024 ⁸offitii
1039 3968 1071 4035 V,
1098 3967 1247 4024 oautoifloii
1263 3968 1292 4024 L

234 4054 266 4108 19
283 4055 376 4110 anonis
393 4053 422 4109 Β
516 4057 558 4108 eat
575 4067 624 4109 om.
641 4069 663 4123 p
681 4059 708 4109 at
726 4053 828 4110 Musaeo
924 4054 960 4110 20
977 4056 1081 4110 uastati
1100 4055 1136 4110 Τ·
1231 4052 1355 4110 subsistit

232 4139 260 4193 Β
363 4139 489 4196 assedere
507 4139 534 4194 Β
637 4139 670 4196 21
689 4143 841 4210 portanaria
858 4141 921 4206 Bb,
952 4141 1137 4210 portabariap
1238 4139 1275 4195 22
1290 4137 1352 4207 ispi·

233 4224 327 4279 darum
345 4226 373 4281 L
474 4223 509 4279 23
526 4225 605 4280 „uisi
618 4226 658 4294 (ui
669 4225 716 4280 uel
726 4225 756 4279 in
768 4226 851 4295 eras.)
868 4226 896 4281 L
998 4225 1034 4280 24
1050 4225 1187 4281 militibus
1204 4225 1234 4279 Β
1245 4228 1292 4292 (aa
1302 4235 1351 4276 raa.

232 4325 252 4364 a.
266 4310 295 4377 l.)
315 4311 357 4380 tp
443 4310 478 4366 at
495 4325 584 4365 samaa
602 4309 629 4364 Β
715 4309 783 4366 done
801 4311 828 4366 L
912 4311 949 4366 26
964 4313 1056 4366 atuor
1072 4311 1100 4366 L
1186 4310 1271 4380 onpiia
1287 4307 1314 4363 Β
