2934 4934
472 395 711 468 Epistularum
734 396 824 451 liber
840 394 889 453 vl
1182 397 1242 465 151

116 586 217 653 mdes
237 586 365 653 sonent
383 585 526 653 omnium
539 584 639 652 oeulis
661 588 695 651 et
706 584 867 652 montibus
885 583 1042 651 exhibere.
1065 585 1103 651 tn
1117 586 1244 653 tantm

115 690 173 755 iso
193 690 299 757 medio
322 694 471 757 uinersns
494 708 617 757 ornnem
632 707 715 773 quas
737 708 773 755 er
788 689 908 755 nuidis
928 689 1068 757 nassitnr
1089 690 1245 774 inpugna·

114 796 236 861 tionem
263 796 389 862 firmam
421 796 573 878 promitto
605 796 639 861 et
670 795 929 861 indemutabilem
961 794 1145 861 sumendam
1178 812 1246 861 esse

114 898 338 965 eonstantiam.
364 898 509 983 qnoeiroa
528 899 612 978 nale,
635 897 682 965 mi
703 896 841 977 domina,
865 897 897 963 et
917 895 1007 963 broni
1020 916 1077 980 pro
1099 897 1244 963 maximis

95 1002 331 1069 admonitione
351 1002 508 1079 contentu
538 1001 613 1085 qnia
640 1020 699 1069 neo
727 1000 902 1085 epistolaria
929 999 1127 1067 ooneinnatio
1153 1000 1246 1083 plura

114 1106 237 1186 patitur
257 1124 315 1171 neo
335 1105 418 1171 ratio
446 1104 655 1188 penetralium
675 1103 799 1189 paginis
822 1102 936 1169 debers
958 1103 1131 1183 oommitti‚
1153 1102 1182 1169 si
1203 1104 1243 1170 ad

114 1208 192 1275 haee
214 1227 294 1292 qnae
316 1208 457 1275 indioata
477 1212 554 1274 sunt
574 1212 650 1274 note
664 1208 773 1275 stlido
787 1207 966 1293 respondes,
988 1209 1132 1293 propriae
1145 1207 1243 1291 sosip-

114 1309 212 1377 tionis
232 1312 412 1377 testimonio
434 1311 591 1395 pollioara

640 1515 718 1584 llll

83 1670 106 1710 lo
498 1652 638 1712 reveno
664 1652 859 1713 mosomus.

154 1776 229 1863 Non
256 1776 387 1861 scripsi,
420 1780 458 1846 nt
486 1796 593 1845 amaro
621 1776 889 1845 ineommoditatis
923 1796 1011 1845 meae
1044 1776 1160 1845 indicio
1187 1794 1245 1845 nos
1273 1847 1276 1855 ,

113 1899 295 1967 pararem,
326 1880 382 1947 sed
409 1880 447 1947 nt
475 1880 719 1949 sollicitudinem
749 1882 902 1961 nostram,
935 1884 1089 1965 qnatenus
1117 1881 1245 1947 insistet

113 1984 319 2069 orationibus,
344 1984 556 2051 nonusnirem.
578 1983 662 2050 male
680 1984 787 2049 oeulos
810 1999 896 2051 meos
912 1986 986 2051 ante
1001 1988 1144 2069 receptas
1163 1986 1245 2053 nali·

113 2086 232 2154 tudinis
254 2086 468 2153 substantiam
489 2086 645 2170 inpositus
668 2086 757 2153 labor
783 2087 920 2170 aceepit:
950 2106 1042 2154 omne
1073 2107 1165 2155 eme
1187 2106 1244 2155 uo-

84 2190 236 2258 obianum
268 2190 377 2257 lumen
410 2190 573 2257 abssessit.
619 2193 669 2256 sat
703 2194 752 2255 est
784 2189 977 2277 signifioasse
1011 2191 1094 2276 qnod
1130 2192 1243 2275 patior.

112 2295 253 2361 nestrum
277 2297 326 2360 est
353 2294 595 2379 prosperitatem
616 2297 854 2373 maenades,
885 2312 977 2379 quem
1004 2294 1151 2380 precibus
1174 2294 1242 2379 pla-

113 2399 201 2479 eois,
225 2399 349 2484 exigere
370 2402 404 2463 st
424 2398 577 2464 reseranti
598 2398 780 2465 litterarum
802 2397 883 2464 iores
912 2396 1027 2466 enebris
1050 2415 1141 2481 opem
1163 2396 1243 2465 ferre

113 2500 293 2585 eenloqniis
315 2502 441 2567 domine
455 2501 511 2581 mi,
535 2500 628 2567 deum
650 2520 775 2585 quaeso,
797 2503 834 2568 nt
855 2502 940 2567 illud
961 2519 981 2566 a
1001 2502 1091 2569 nobis
1111 2499 1244 2567 indicari

113 2605 208 2672 taint
230 2605 313 2689 quod
334 2622 386 2670 me
409 2604 547 2671 delectet
574 2621 752 2688 agnoscere.

84 2831 107 2871 ao
658 2808 698 2875 V.

463 2944 672 3003 AVBEHANO
699 2943 893 3002 ENNODIVS.

153 3066 229 3135 Non
251 3068 300 3133 est
314 3065 428 3133 iduma
441 3086 516 3133 msa
530 3066 741 3153 praecognitis
756 3067 873 3133 nudata
888 3064 1092 3133 senensibus.
1115 3062 1242 3131 ualidus

113 3170 144 3236 in
164 3170 331 3236 affectione
352 3172 401 3237 est
423 3188 516 3256 quem
538 3172 643 3237 animo
665 3189 736 3237 meo
761 3169 945 3257 diligentiae
966 3188 1136 3239 memorem
1158 3170 1244 3235 insta

115 3290 183 3339 snrn
204 3273 425 3340 aestimatione
447 3274 618 3361 pollicitus.
646 3274 767 3359 gratias
789 3273 859 3354 tibi,
882 3292 1017 3355 superna
1039 3271 1241 3357 dispensatio,

86 3394 189 3459 equas
210 3376 360 3443 humanis
382 3378 475 3444 rebus
490 3393 710 3462 prosperorum
731 3376 870 3442 tuntum
885 3378 923 3443 de
939 3374 1139 3443 aduersitatis
1154 3390 1244 3441 noea·

115 3479 196 3545 sione
225 3478 353 3564 largiris
382 3498 439 3546 neo
472 3480 590 3564 pateris
619 3481 653 3546 in
685 3480 795 3547 ordine
824 3498 879 3546 sno
912 3478 1019 3547 tristia
1049 3496 1242 3564 permanere.

163 3751 176 3806 l
194 3751 283 3807 malus
300 3750 330 3807 Β
424 3752 611 3823 oepistolnns
628 3754 782 3823 (essem.)
800 3753 828 3808 Β
918 3750 1129 3823 tipenltrallnm
1147 3751 1175 3806 Β

116 3843 218 3956 rjais
234 3875 280 3942 (ns
296 3874 330 3928 e»
345 3875 413 3943 m)
431 3873 460 3929 n
561 3874 722 3944 repares
739 3873 832 3929 now

161 4008 228 4065 IIII.
266 4012 298 4066 11
316 4010 544 4069 incommendatio
562 4012 589 4068 Ιι
691 4012 724 4067 12
736 4015 870 4083 qnatenus
882 4012 935 4078 Bb,
954 4013 1082 4083 quatinus
1093 4010 1177 4069 ΜΨ

114 4092 222 4149 inshtat
246 4096 311 4165 Bo,
340 4098 429 4152 instat
455 4096 539 4154 ΜΨ
648 4098 680 4153 15
704 4098 888 4165 satostLV,
916 4100 1043 4185 εαὲόιῇξ
1060 4096 1092 4165 T,
1119 4098 1187 4156 satis
1204 4098 1243 4165 Β,

115 4198 180 4253 ratis
196 4199 601 4273 sitiremus-reniam.
704 4203 738 4257 18
755 4202 823 4257 mihi
841 4201 898 4257 BL
1001 4203 1036 4259 19
1053 4202 1208 4268 deleatitB

162 4316 443 4389 imaginali
545 4320 707 4377 tristitirB
