2934 4934
257 399 301 465 42
616 394 731 464 Magni
749 394 876 449 Felicis
896 393 1026 447 Enuodi

257 587 436 663 mittantur,
458 586 601 650 uicinum
622 585 660 650 tit
682 604 738 650 nso
760 586 899 666 eontingi
921 583 997 649 lieet
1018 601 1108 648 omne
1131 585 1212 666 quod
1235 582 1376 666 eupiunt!

259 693 297 755 ad
325 688 523 754 Tioiuensem
555 690 665 754 urbem
697 689 840 753 uotiuam
874 704 1071 769 susceperam·
1098 687 1316 751 necessitatem
1349 689 1376 749 st

259 793 380 858 molesti
404 791 526 857 itineris
541 791 688 856 uniuersa
701 793 899 868 transieram,
922 790 1101 856 existimans
1118 789 1177 855 hoo
1192 788 1376 855 sacerdotem

258 896 380 960 eredere
402 896 465 958 suis
488 893 627 977 imperiis
649 894 778 976 inpendi
801 893 882 975 quod
896 912 964 958 meo
980 892 1140 957 militabat
1154 892 1287 971 affectui,
1311 909 1377 955 oum

258 997 360 1064 subito
383 998 467 1063 cirea
488 1002 588 1063 metas
610 1000 756 1063 uotomm
779 1016 900 1061 summo
923 997 1028 1061 labore
1049 996 1166 1077 petitus
1181 996 1243 1061 iam
1259 996 1297 1059 de
1312 1013 1408 1059 areas

257 1100 377 1165 fruetus
406 1099 527 1181 effugit.
565 1118 620 1181 pro
647 1099 749 1177 dolor,
784 1098 837 1180 qui
860 1118 910 1163 mo
934 1098 972 1162 de
995 1097 1153 1179 epistolari
1182 1097 1317 1179 alloquio
1339 1098 1376 1163 ad

257 1204 450 1287 tragoediam
466 1206 573 1268 uocas!
588 1220 694 1267 muros
707 1203 905 1267 uenerandae
916 1204 985 1285 post
998 1200 1157 1285 religionis
1173 1200 1242 1267 loos
1254 1202 1377 1283 propter

142 1373 151 1389 ἱ
257 1310 290 1371 te
312 1305 451 1371 ciuitatis
481 1324 667 1388 aspexeram,
702 1305 765 1371 iam
789 1305 872 1389 grati
900 1304 1048 1387 parabam
1082 1305 1178 1369 uerba
1210 1301 1378 1384 conloquii:

258 1428 364 1474 uereor
381 1408 484 1474 dioere
499 1409 579 1490 quod
595 1410 753 1485 remansit,
782 1428 820 1472 ne
836 1408 988 1490 loquendo
1005 1424 1097 1491 eogar
1112 1407 1212 1472 denuo
1227 1407 1378 1471 sustinere

256 1513 425 1578 transaota
445 1512 610 1577 inlustrem
625 1513 728 1575 uirum
742 1512 864 1587 Erduia
881 1529 972 1592 quem
988 1528 1038 1574 me
1054 1512 1098 1587 tu,
1115 1510 1261 1575 eeclesiae
1277 1510 1378 1587 denus,
1388 1538 1410 1576 n

256 1616 429 1683 desiderare
450 1617 575 1693 feceras,
598 1618 773 1698 inprouisus
796 1616 893 1681 oeulis
917 1632 1005 1679 easus
1023 1615 1166 1699 ingessit.
1188 1614 1234 1678 ibi
1251 1615 1378 1679 eomites

255 1720 319 1785 mei
341 1720 448 1785 uidere
470 1719 545 1802 quid
566 1723 721 1802 peterem:
745 1720 789 1785 ibi
806 1719 903 1783 animi
920 1720 981 1783 mei
997 1722 1100 1783 aestus
1124 1718 1271 1795 innotuit,
1288 1735 1379 1799 quem

256 1826 328 1889 anta
339 1823 397 1888 sub
406 1823 582 1905 praeliatas
594 1824 775 1889 claudebam
788 1823 898 1887 umbra
909 1840 1073 1905 personas:
1092 1821 1209 1887 nesciui
1224 1821 1379 1886 oooultare

254 1946 311 2010 per
334 1927 472 1992 caritatis
493 1928 650 1991 tormenta
672 1927 754 2009 quod
777 1926 864 1990 uolui
887 1943 942 1989 neo
963 1926 1042 1990 fuois
1065 1925 1221 2007 aliquibus
1244 1925 1380 1990 eolorare

256 2030 485 2095 conscientiam.
510 2035 699 2095 maerentem
722 2050 771 2094 me
794 2031 833 2094 ad
855 2029 980 2094 domum
997 2029 1122 2093 reduxit
1136 2030 1190 2110 qui
1204 2028 1380 2111 prolixioris
1389 2050 1409 2089 n

255 2130 376 2197 itineris
398 2150 507 2198 oausas
528 2133 647 2198 inuidit.
673 2132 869 2215 fatigationis
895 2151 982 2197 meae
1004 2132 1102 2198 fateor
1126 2132 1298 2213 conpendia
1320 2150 1381 2195 non

255 2236 369 2299 amani.
392 2252 462 2300 eoos
479 2238 739 2301 contestationem
762 2237 944 2319 diligentiae
967 2254 1055 2301 meaa
1069 2239 1101 2301 et
1115 2237 1229 2301 mantis
1245 2236 1379 2301 adserui.

256 2341 396 2403 uestrum
420 2344 477 2420 ast,
500 2341 527 2404 si
542 2359 618 2405 uara
632 2340 773 2423 dixerim,
796 2356 850 2403 uos
866 2341 1058 2423 interrogare
1073 2341 1106 2403 et
1120 2342 1260 2403 animum
1276 2356 1381 2402 meum

256 2441 426 2507 affectionis
448 2446 570 2508 uestrae
592 2443 809 2508 aestimatione
832 2460 1024 2524 cognoscere.
1055 2443 1180 2508 domina
1202 2445 1256 2520 mi,
1279 2442 1379 2506 saluto

256 2548 288 2609 et
310 2545 462 2627 deprecor,
486 2548 523 2611 ut
545 2546 645 2612 libens
667 2566 722 2630 per
744 2547 953 2628 praesentium
975 2548 1157 2627 portitorem
1185 2544 1411 2631 suggerendae

255 2664 428 2728 oognosoas.

780 2768 857 2832 IIII.

629 2901 814 2957 ENNODIVS
840 2901 1005 2958 OLYBRIO.

297 3026 384 3091 Nulli
407 3026 537 3091 dubium
560 3028 608 3091 est
630 3028 711 3091 inter
732 3028 902 3109 prudentes
925 3045 1031 3093 saonae
1055 3027 1146 3093 tidem
1164 3026 1380 3109 promissionis

254 3129 369 3209 inpleri
396 3134 427 3193 et
456 3128 641 3211 amicitiam,
676 3146 755 3210 quae
776 3128 932 3195 fertilibus
961 3131 1009 3194 est
1036 3132 1183 3195 maritata
1204 3130 1412 3207 fomitibus‚2r

254 3230 413 3295 fruetuum
434 3229 600 3297 nobilitate
622 3229 765 3313 gaudem
789 3249 845 3316 ego
869 3232 1091 3298 eousoientiam
1106 3234 1243 3298 uestram
1259 3234 1381 3317 appello

307 3453 322 3504 1
350 3425 452 3519 contigi
479 3450 508 3506 Β
620 3452 791 3506 2tioiuense
818 3452 842 3506 Τ
870 3458 951 3507 nense
968 3453 1000 3507 ἐπ
1017 3470 1072 3508 ras.
1090 3456 1163 3508 Μ
1266 3456 1337 3510 urba
1360 3456 1385 3509 T

252 3539 284 3591 iss
301 3553 352 3606 my.
371 3537 436 3593 add.
452 3540 521 3591 m.2
617 3540 778 3608 snsoipsram
798 3538 824 3591 Β
922 3541 939 3593 3
957 3540 1074 3595 uniuersi
1093 3541 1203 3596 LPV'b
1300 3544 1383 3595 aesti-

253 3638 329 3675 rnans
347 3622 427 3676 Sirra.
531 3624 549 3677 5
571 3624 651 3692 cirea]
676 3628 769 3678 contra
794 3626 809 3679 b
912 3626 927 3679 7
954 3627 1117 3695 traquidiam
1142 3628 1184 3693 B,
1211 3628 1380 3697 tragoeidarn

252 3709 279 3763 L
382 3708 529 3763 uenerande
555 3711 583 3763 B
685 3712 719 3765 10
745 3712 820 3766 ardui
846 3712 988 3779 BLPTV,
1015 3728 1077 3782 ergo
1100 3714 1128 3777 ὸς
1155 3729 1203 3766 ern.
1228 3713 1314 3769 Sim.

252 3811 295 3849 me
307 3796 350 3865 tu]
367 3796 457 3850 mutua
474 3796 501 3849 Β
518 3794 567 3849 aad
584 3812 600 3848 a
618 3812 688 3850 corr.
701 3797 817 3852 uidetur
914 3800 944 3852 11
962 3798 1069 3853 comitis
1081 3799 1134 3852 mei
1153 3799 1179 3852 Β
1277 3800 1312 3853 12
1331 3800 1382 3854 mei

252 3914 301 3953 orn.
319 3897 347 3952 Β
455 3898 489 3951 13
506 3912 615 3966 persone
632 3899 660 3952 B
769 3902 802 3955 15
819 3884 954 3956 oou'sbism
975 3902 1001 3957 Τ
1014 3903 1045 3956 irs
1062 3919 1118 3957 ras.
1142 3906 1216 3956 Μ
1331 3918 1384 3956 ma·

251 4020 353 4071 rentem
371 4017 477 4073 BPTV
559 4019 712 4088 proluxioris
729 4021 758 4073 Β
853 4024 887 4077 16
905 3995 1033 4092 conpertis
1051 4022 1078 4075 Β
1173 4023 1205 4076 19
1223 4022 1383 4078 afflictionis

251 4120 278 4173 a
377 4123 414 4176 mr
432 4139 467 4177 aa
483 4103 511 4176 11¹1
530 4122 557 4176 r
569 4138 649 4188 sorr,
666 4122 734 4177 mm
746 4124 855 4190 aava,
873 4126 956 4182 mrem
969 4127 997 4180 P
1091 4126 1126 4179 ao
1138 4126 1302 4194 presentium
1318 4126 1347 4180 a

303 4222 371 4279 IIII.
405 4226 440 4279 23
465 4225 563 4281 olibrio
591 4226 617 4281 Τ
725 4226 761 4280 ab
786 4228 963 4283 formitilibns
987 4229 1015 4284 Β
1125 4228 1160 4283 26
1182 4228 1289 4282 iruutsu
1317 4231 1383 4285 Lu

253 4325 323 4364 eras.
429 4311 572 4366 nobilitare
593 4313 619 4366 Τ
907 4335 909 4339 ’
