2934 4934
245 410 397 460 Lxxxrm

246 580 344 646 nimia
365 582 560 666 uituperctnr
582 585 722 651 audacia.
757 589 811 652 sed
834 607 932 653 unum
954 589 1051 653 altero
1074 590 1214 656 excusari
1235 590 1374 674 peculia·

246 687 333 767 rique
355 688 386 750 et
414 686 572 768 scriptoris
594 690 626 752 et
648 691 790 755 codicum
818 691 921 757 indole
949 692 1075 756 ueniam
1106 693 1310 775 impetratum
1332 695 1373 758 iri

245 787 416 870 sperabam.
447 809 519 856 nem
541 791 694 874 quaedam
715 795 899 859 mendorum
921 812 1036 876 genera
1058 795 1154 862 latius
1176 815 1271 880 quam
1294 797 1372 863 alibi

245 892 278 954 in
299 908 334 955 eo
356 897 524 977 peruagata
552 913 618 959 esse
646 894 707 960 nisi
736 897 946 978 exemplorum
975 897 1181 964 multitudine
1207 903 1293 964 certo
1315 901 1372 966 de-

246 997 412 1062 monstrari
434 996 591 1079 nequibat,
615 998 662 1063 bis
684 1005 792 1064 autem
813 1001 912 1065 semol
933 1001 1103 1084 perspectis
1118 1004 1214 1066 etiam
1236 1001 1371 1067 leuiores

246 1098 428 1165 offensiones
450 1102 483 1164 in
505 1100 648 1167 dictionis
670 1103 838 1168 insolentia
852 1106 908 1169 aut
924 1104 1115 1170 obscuritate
1131 1105 1253 1187 positae
1269 1106 1370 1170 maxi-

246 1220 333 1266 mum
356 1201 591 1269 deliberationis
614 1209 808 1270 momentum
830 1206 959 1273 faciunt.
990 1225 1067 1290 quas
1088 1225 1162 1273 uero
1177 1210 1371 1273 coniecturas

247 1306 278 1370 iu
307 1306 365 1370 bac
391 1307 582 1388 praefatione
610 1309 775 1374 breuitatis
797 1327 890 1376 causa
911 1309 1113 1376 confidentius
1136 1310 1296 1393 proposui,
1320 1329 1372 1376 eas

246 1409 279 1471 in
302 1409 441 1475 oratione
468 1409 536 1493 ipsa
557 1413 784 1492 constituenda,
807 1433 847 1480 ua
869 1415 919 1479 cui
946 1413 1138 1495 imponerem
1165 1413 1372 1496 caritatisque

245 1511 518 1596 inuestigationem
552 1517 780 1597 praepedirem‚
812 1535 904 1600 parce
937 1521 969 1581 et
1002 1518 1142 1582 modeste
1175 1517 1303 1582 adhibui
1339 1525 1372 1581 et

246 1616 389 1696 quamuis
411 1616 449 1680 de
471 1617 650 1699 probilitate
670 1637 777 1684 aarum
793 1637 855 1683 non
869 1619 1058 1697 dubitarem,
1080 1620 1136 1684 nbi
1151 1624 1256 1684 tamen
1271 1618 1373 1685 altera

247 1719 432 1784 emendandi
460 1722 513 1786 uia
540 1722 675 1804 patebat,
707 1723 740 1786 in
766 1723 993 1788 resistentem
1016 1724 1120 1788 locum
1141 1723 1294 1799 concessi;
1328 1723 1375 1788 ibi

247 1821 341 1887 etiam
365 1823 550 1888 coniecturis
574 1824 662 1906 quasi
684 1824 880 1890 breuissimis
901 1826 1063 1904 indicibus,
1092 1825 1202 1909 quibus
1225 1825 1375 1890 orationis

248 1926 344 1992 uerba
358 1927 545 1993 difficultate
561 1928 704 1994 laborare
715 1929 818 1994 uideri
832 1929 969 2011 legentes
980 1931 1185 2010 aduertersm,
1201 1947 1277 1993 usus
1291 1947 1374 1994 sum.

84 2065 239 2118 nussam
290 2045 474 2130 Priusquam
502 2048 662 2131 praefandi
691 2049 783 2114 finem
811 2048 934 2130 faciam,
962 2067 1059 2133 pauca
1085 2052 1124 2114 de
1150 2051 1242 2114 rebus
1265 2047 1375 2113 ortho-

115 2135 210 2257 ,ᾞῇ
247 2149 406 2233 graphicis
436 2155 467 2216 et
495 2149 635 2216 codicum
664 2154 695 2217 et
724 2150 870 2216 editionis
903 2152 1044 2217 addenda
1076 2155 1161 2216 sunt.
1199 2156 1292 2233 atque
1321 2170 1375 2216 eas

246 2256 421 2337 scripturas,
444 2271 521 2337 quae
537 2256 576 2320 ad
591 2273 656 2320 rem
681 2256 823 2321 criticam
845 2258 1043 2320 exercendam
1066 2255 1197 2320 alicuius
1219 2257 1374 2319 momenti

245 2356 440 2432 uidebantur.
464 2361 500 2423 ut
514 2358 692 2422 litterarum
707 2374 722 2421 c
737 2363 769 2422 et
790 2358 812 2435 i,
834 2361 898 2422 oet
912 2379 944 2438 c,
966 2378 990 2421 a
1012 2360 1044 2422 et
1066 2357 1084 2421 b
1105 2357 1373 2442 permutationem

245 2459 439 2542 frequentem
468 2479 561 2542 supra
581 2463 646 2526 iam
674 2463 890 2526 tractauimus.
927 2463 1008 2543 quod
1030 2459 1076 2525 ibi
1098 2460 1299 2525 obseruatum
1321 2465 1372 2524 est

244 2563 381 2628 codicem
409 2563 435 2628 B
470 2563 630 2647 archetypi
665 2564 769 2647 apices
801 2583 925 2629 summa
954 2565 1103 2648 religione
1135 2565 1306 2645 exprimere
1339 2565 1373 2627 et

244 2665 378 2730 retinere
385 2716 394 2750 ,
430 2665 559 2732 alterius
589 2684 662 2732 uero
693 2667 833 2732 familiae
860 2667 955 2731 libros
990 2667 1165 2748 rubiginem
1196 2666 1373 2748 antiquam,

246 2789 340 2852 quom
362 2771 416 2834 ille
438 2769 542 2848 traxit,
567 2789 663 2835 unum
686 2770 758 2853 plus
781 2769 877 2835 altero
892 2771 1063 2854 extersisse,
1086 2769 1119 2833 id
1133 2770 1166 2832 in
1189 2771 1374 2833 uniuersum

245 2871 339 2938 uolet.
378 2875 503 2956 quade
532 2891 627 2939 causa
654 2873 712 2938 hoc
739 2873 861 2956 assequi
882 2874 989 2950 studii,
1013 2876 1049 2936 ut
1077 2871 1209 2936 minima
1234 2889 1376 2953 quaeque

245 2993 281 3039 ex
310 2975 461 3041 oodioeB
489 2975 713 3043 adaptarentur
742 2977 774 3041 et
801 2995 862 3059 qua
893 2978 983 3058 potui
1014 2973 1211 3040 accuratione
1243 2969 1376 3058 pretiosi

245 3079 319 3142 libri
342 3080 437 3144 etiam
459 3079 493 3144 in
515 3079 606 3144 rebus
629 3079 821 3146 futilioribns
841 3079 1009 3144 uerissima
1022 3078 1126 3162 imago
1141 3077 1375 3159 exprimeretur,

247 3198 326 3263 quae
348 3199 421 3247 uero
443 3183 476 3247 in
498 3183 634 3265 reliquos
662 3181 758 3248 libros
785 3184 855 3266 post
885 3182 1090 3265 arobstppnm
1111 3180 1279 3263 inrepsisse
1300 3197 1377 3243 oon·

248 3286 347 3350 staret
368 3287 552 3350 summatim
576 3285 626 3350 hic
647 3285 715 3350 illie
738 3285 915 3370 significare
936 3284 1014 3350 satis
1039 3284 1196 3350 haberem.
1234 3281 1376 3347 codicem

247 3389 369 3454 Bur-ero
392 3387 489 3452 etiam
511 3389 544 3452 in
568 3389 739 3454 scribendis
761 3387 865 3453 uerbis
887 3389 933 3452 ita
955 3391 1079 3452 secutus
1102 3405 1188 3461 snm,
1214 3385 1252 3449 ul
1273 3386 1375 3468 quoad

248 3491 339 3556 licuit
370 3492 628 3575 inaequalitatem
650 3492 717 3556 eius
738 3491 773 3555 in
794 3493 887 3556 rebus
909 3489 1083 3555 arbitrantis
1110 3506 1173 3554 non
1200 3491 1267 3555 sine
1289 3489 1377 3552 uitu-

249 3594 419 3675 perationis
446 3596 534 3659 metu
568 3593 688 3659 imitari
717 3613 811 3676 quam
839 3597 906 3658 arte
934 3597 1001 3657 tam
1028 3591 1116 3658 facili
1145 3609 1240 3674 qnam
1268 3589 1377 3656 fallaci

249 3699 402 3780 corrigere
430 3697 569 3765 mallem.
607 3713 708 3781 aqua
728 3693 850 3762 ratione
879 3697 978 3762 sicubi
1000 3712 1050 3759 me
1073 3695 1241 3760 desciuisse
1264 3693 1377 3776 depre-

250 3800 400 3880 henderis,
424 3817 525 3864 errore
549 3816 610 3864 non
629 3799 758 3865 consilio
775 3799 808 3864 id
823 3797 942 3863 lactum
956 3815 1024 3862 esse
1039 3797 1172 3862 concedo
1187 3798 1379 3878 ueniamque

251 3903 459 3969 excusationis
494 3921 544 3967 me
575 3903 779 3968 inuenturum
809 3919 910 3985 spero.
947 3901 993 3965 ita
1020 3900 1117 3965 etiem
1139 3903 1222 3965 intra
1244 3899 1380 3965 artiores

250 4008 327 4072 fines
350 4007 510 4072 adnotatio
531 4007 661 4071 retineri
683 4006 787 4089 potuit
809 4006 843 4069 et
862 4006 1046 4087 scriptorem
1062 4001 1125 4068 sibi
1146 4003 1249 4085 ipsum
1271 4000 1305 4066 iu
1330 4001 1380 4068 bis

252 4110 342 4174 rebus
364 4127 425 4175 non
447 4110 623 4177 constitisse
646 4109 773 4191 eiusque
794 4109 833 4175 ab
855 4108 1081 4192 exemplaribus
1102 4109 1237 4172 codicem
1260 4106 1286 4171 B
1309 4123 1380 4188 pro·

251 4214 333 4279 xime
354 4214 459 4280 abesse
481 4212 561 4278 mibi
577 4213 702 4297 quidem
717 4213 935 4278 uerisimilius
958 4212 1092 4277 uidetur.
1131 4209 1180 4275 ita
1200 4208 1379 4275 Ennodium

252 4319 306 4382 aut
326 4315 465 4398 epistota
486 4315 666 4383 αᾶιιιεεοιιιε
688 4317 744 4382 aut
764 4315 898 4398 epistole
920 4313 1097 4380 adolescens
1111 4311 1273 4398 scripsisse
1290 4313 1378 4378 eodi-
