2934 4934
586 372 701 443 lisigni
717 371 848 427 Felicis
865 370 996 427 Ennodi

750 695 835 764 XVI.

590 867 774 928 uuuomvs
797 866 991 926 ammoto,

270 1010 342 1079 Non
356 1012 503 1079 deberent
517 1028 584 1077 esse
600 1009 760 1095 negotiosa
777 1008 951 1094 conloquia,
975 1026 1053 1094 quae
1069 1026 1125 1093 pro
1139 1008 1277 1075 remedio
1295 1008 1358 1075 siti

230 1132 317 1181 amor
346 1115 483 1191 inuenit,
516 1130 574 1180 neo
603 1112 766 1197 religionis
800 1111 991 1198 stipendium
1027 1111 1067 1179 ad
1100 1112 1276 1179 neoeseaua
1303 1130 1359 1178 nos

231 1220 389 1301 oporteret
417 1234 545 1283 euocare
572 1217 772 1301 commercia,
808 1216 882 1299 quia
915 1215 1004 1282 duloe
1035 1216 1118 1282 esset
1151 1215 1392 1300 epistularum

229 1321 340 1385 munia
360 1320 421 1387 soli
443 1319 583 1386 militare
605 1318 785 1386 concordiae
807 1335 865 1385 neo
885 1336 953 1385 rem
968 1318 1150 1404 diligentiae
1172 1320 1205 1385 in
1220 1318 1360 1401 aucupia

229 1423 401 1490 transferre
427 1423 608 1507 conpendii!
646 1423 702 1489 sed
729 1442 779 1487 ree
806 1424 846 1489 ad
874 1424 934 1488 hoo
960 1422 1068 1503 rediit,
1100 1426 1136 1488 ut
1163 1420 1225 1487 nisi
1254 1421 1360 1487 senior

228 1530 354 1606 caritas,
377 1545 457 1611 quae
482 1527 643 1593 internos
665 1526 789 1609 abipso
811 1526 894 1592 niteo
915 1526 1026 1592 limine
1047 1523 1182 1611 sumpsit
1197 1524 1359 1591 exordium

228 1633 261 1700 et
287 1630 471 1715 peruenias
498 1630 692 1714 profectuum
721 1630 806 1697 uiros
833 1646 969 1695 messem
997 1628 1117 1715 gratiae
1144 1628 1292 1711 perduxit
1318 1628 1359 1693 ad

229 1752 345 1813 aream,
368 1735 518 1816 conpulsa
538 1749 594 1817 pro
609 1734 688 1799 meis
702 1731 845 1816 partibus
859 1734 988 1799 stimulo
1004 1731 1181 1816 scriptionis
1196 1732 1358 1817 adauget,
1368 1759 1391 1799 ιι
1451 1756 1452 1759 “

231 1838 344 1921 grandi
371 1835 608 1920 ingratitudinis
637 1839 669 1901 et
697 1836 958 1901 detrimentorum
991 1834 1159 1901 sterilitate
1190 1835 1358 1917 percutiar.

229 1940 376 2008 meminit
396 1939 571 2024 amplitudo
591 1943 790 2022 nostroquae
805 1938 843 2005 de
861 1938 1011 2021 expensis,
1035 1956 1114 2022 quae
1134 1940 1216 2021 apud
1231 1936 1359 2005 Rauen·

229 2061 302 2109 nam
324 2043 486 2127 episcopus
508 2061 595 2108 meus
616 2043 745 2123 iecerat,
767 2060 818 2108 me
832 2041 862 2107 ei
876 2040 1120 2108 redhibitionem
1141 2042 1357 2124 promittente,
1452 2040 1453 2043 ’

229 2165 285 2229 pro
306 2146 391 2211 sedis
412 2146 599 2230 apostolicae
614 2137 770 2227 utilitate,
793 2144 956 2212 uobiscum
977 2145 1072 2211 luent
1093 2146 1290 2210 conlocutus:
1319 2147 1358 2211 de

231 2266 293 2333 qua
314 2248 506 2315 restituenda
520 2248 652 2315 celerem
665 2250 878 2331 promiseratis
892 2248 1049 2314 ellectum
1078 2246 1133 2313 sed
1149 2246 1358 2332 propeccatis
1369 2270 1392 2312 u

231 2356 309 2417 meis
330 2351 434 2417 nosue
457 2351 510 2434 qui
533 2368 622 2417 casus
645 2370 756 2418 manus
778 2351 932 2437 opposuit.
957 2355 994 2418 de
1009 2368 1072 2435 qua
1085 2350 1125 2417 ad
1138 2366 1189 2415 rne
1203 2348 1360 2433 praedicti

230 2454 381 2520 antistitis
403 2472 436 2519 se
452 2455 607 2520 conuertit
621 2456 762 2538 intentio,
787 2458 823 2521 ut
838 2456 890 2521 uix
904 2454 1040 2521 indutias
1054 2452 1094 2520 ad
1110 2453 1359 2519 oneratissimum

230 2559 339 2624 urbem
360 2556 509 2624 tribuerit
523 2557 711 2625 destinandi
734 2576 818 2625 nuno
837 2558 909 2641 poet
923 2560 1016 2625 deum
1029 2559 1064 2623 in
1078 2554 1166 2621 uobis
1183 2573 1277 2622 eausa
1299 2556 1357 2635 est.

230 2660 284 2745 qui
304 2659 435 2744 potestis
458 2662 490 2727 et
510 2679 678 2744 personam
699 2680 804 2728 meam
833 2660 1000 2727 offensione
1026 2661 1182 2744 pontificis
1205 2664 1237 2725 et
1260 2661 1358 2727 detri-
1451 2736 1452 2739 Ἴ

228 2764 344 2830 mentis
368 2764 500 2848 eripere,
532 2782 571 2830 ne
593 2764 733 2831 officium
759 2764 833 2830 fidei
855 2764 934 2830 mihi
955 2764 1009 2829 uni
1030 2762 1187 2847 peperisse
1212 2762 1392 2829 uideaturse
1451 2798 1452 2827 ι

178 2877 181 2887 ’
228 2868 368 2935 aduersa.
411 2866 535 2933 domine
564 2866 624 2947 mi,
659 2868 859 2933 salutationis
888 2884 1018 2932 munera
1046 2866 1226 2949 persoluons
1260 2866 1358 2933 deum
1451 2878 1452 2913 l

228 2990 344 3057 precor,
367 2974 403 3036 ut
426 2971 567 3037 animum
581 2975 723 3038 uestrum
745 2972 785 3037 ad
803 2970 955 3037 utilitatis
970 2988 1058 3036 meae
1073 2968 1356 3036 considerationem

229 3075 449 3138 incunctanter
470 3074 595 3143 inuitat.
633 3090 690 3157 ego
713 3074 790 3157 quid
812 3074 948 3158 amplius
975 3074 1108 3139 iacerem
1130 3072 1272 3140 inuenire
1294 3090 1355 3139 non

228 3175 326 3261 potui,
349 3176 412 3241 nisi
434 3178 471 3242 ut
493 3194 564 3243 oum
587 3176 775 3262 allegatione
797 3175 965 3243 manifesta
979 3175 1078 3243 lidum
1092 3176 1171 3242 mihi
1187 3174 1355 3260 dirigerem

229 3280 425 3361 perlatorem.
1365 3298 1393 3340 ss

278 3568 587 3637 XVl3queBe.l
689 3568 1014 3639 5,quia]tquamfort.
1118 3566 1357 3625 aluminum

228 3654 312 3710 Simu.
398 3654 628 3724 9proleot0umIr
710 3655 858 3723 uicesfort.
945 3654 1156 3710 12meminet13
1235 3656 1357 3730 expensis
1450 3722 1451 3733 χ

228 3745 290 3827 qua'
317 3756 344 3812 T
443 3757 578 3829 episcopos
603 3758 632 3814 Β
741 3760 775 3815 13
801 3758 989 3815 redibitionem
1015 3758 1118 3825 BT1V,
1148 3754 1357 3815 retritutiouom

228 3844 256 3900 L
360 3844 392 3899 14
409 3845 553 3914 apostolice
570 3845 599 3901 Β
699 3844 906 3931 eoillocutusT
1007 3846 1041 3900 15
1062 3846 1177 3915 peccatis
1194 3846 1261 3901 meis
1283 3844 1359 3902 ven

226 3965 284 4006 roc.
388 3949 422 4003 16
444 3950 569 4019 opposuit
585 3962 682 4004 manue
705 3949 790 4006 ΜΨ
891 3950 924 4006 ll
947 3950 1086 4005 antestitis
1105 3950 1132 4005 Β
1234 3945 1358 4005 inducias

227 4039 253 4102 (c
270 4050 305 4090 a
321 4038 335 4088 t
353 4036 433 4104 corr.)
450 4036 479 4091 Β
573 4036 607 4091 18
623 4035 798 4093 tribucretL
892 4036 1066 4091 destinandus
1084 4036 1133 4091 Bb
1229 4036 1358 4092 ldoffen·

227 4120 336 4176 aioniL
416 4122 625 4192 pontideistei
636 4122 803 4178 nieuw
882 4120 1290 4193 douidoaturpeperisselil'i'

227 4206 440 4262 mnium
530 4208 832 4265 dominumtctflim.
927 4208 1287 4279 aequamentum

226 4292 262 4349 24
278 4292 358 4349 tidem
373 4292 422 4347 Bt
