2934 4934
393 399 510 468 Opuse.
528 399 597 454 1111.
620 399 700 456 Vita
717 401 749 454 B.
766 402 905 458 Antoni.
1149 406 1214 476 305

92 589 178 654 iussit
199 590 324 654 intrare.
348 589 403 672 qni
425 591 571 672 quemuis
593 591 632 656 de
653 592 816 673 splendore
832 592 989 660 natalium
1004 595 1213 666 musciontiae

92 691 175 756 iubar
207 693 362 776 hauserit,
398 695 506 758 tamen
541 691 695 778 fulgorem
728 693 837 778 stirpis
869 696 1056 778 praecipuae
1088 718 1212 768 morum

90 795 178 860 radiis
201 795 413 874 obumbranit,
437 795 565 862 uincens
587 799 729 862 decorem
747 799 907 880 sanguinis
922 799 1043 882 ingenii
1057 801 1211 884 claritate,

90 899 157 962 dnm
186 903 400 964 coruscantem
431 899 581 982 germinis
608 901 659 966 sni
686 899 867 981 lampadam
893 904 1022 968 actuum
1042 908 1211 974 serenitate

72 1001 286 1080 stransoendit
310 1006 343 1068 et
365 1001 468 1068 factus
492 1007 540 1068 est
562 1002 664 1069 uictor
687 1003 866 1070 stemmatis
887 1004 946 1083 sui,
968 1024 1026 1086 per
1039 1009 1121 1090 quod
1139 1011 1211 1074 uui·

90 1121 188 1170 uersos
210 1108 363 1172 noscendo
385 1107 558 1188 superauit.
591 1105 645 1189 qui
668 1106 744 1172 dum
759 1108 864 1174 adhue
876 1107 916 1174 de
937 1110 1048 1176 metris
1062 1112 1213 1192 penderet

89 1208 244 1290 uberibus,
268 1227 360 1290 quem
383 1209 551 1291 praesoiuit
573 1210 624 1274 dei
645 1209 753 1294 gratia
774 1227 839 1276 non
867 1211 1011 1294 reliquit,
1040 1233 1097 1280 nec
1118 1233 1213 1297 paese

88 1315 131 1377 eet
151 1311 277 1395 inopem
299 1312 414 1378 fauoris
437 1312 566 1378 existere
596 1312 787 1397 dispensatio
811 1314 955 1380 mestis
983 1333 1077 1397 quem
1104 1337 1211 1383 remu·

88 1416 226 1481 uerendis
253 1415 382 1496 plcunm
411 1415 523 1481 studiis
552 1416 748 1498 adprobabit.
782 1416 837 1498 qui
865 1437 905 1482 ne
933 1421 1034 1486 sancti
1061 1419 1211 1488 instituta

60 1519 230 1602 cprcpositi
252 1537 307 1599 per
328 1521 495 1602 parentum
518 1519 738 1585 blandimenta
751 1520 921 1605 frangeret,
943 1540 1096 1589 annorum
1111 1523 1209 1590 ferme

87 1627 151 1686 octo
165 1621 316 1706 genitoris
332 1623 433 1689 tutela
447 1624 584 1690 nudatus
600 1628 665 1690 est:
686 1626 881 1692 mortemon
895 1627 935 1690 ad
951 1624 1211 1692 inlustrissimum

86 1727 184 1790 uuum
208 1725 392 1792 Seueriunm
421 1728 530 1808 ignara
557 1727 622 1792 fuci
649 1729 737 1792 aetas
767 1727 920 1807 euolauit,
952 1728 1007 1811 qui
1036 1729 1112 1794 dnm
1140 1748 1212 1805 eum

85 1829 233 1895 mrulceret
259 1829 389 1908 osculis,
420 1830 528 1894 futura
548 1830 582 1894 iu
603 1847 699 1911 puero
730 1830 813 1896 bona
832 1830 925 1913 qnasi
947 1835 1108 1897 transacta
1129 1832 1211 1898 rele-

84 1933 180 2014 gebat.
215 1933 277 1997 fuit
299 1935 396 2011 euim,
426 1932 515 1996 cuius
538 1932 660 1997 meritis
683 1931 765 1998 nibil
786 1937 869 1998 esset
891 1931 1121 2000 absconditum.
1155 1935 1212 2002 ille

58 2037 163 2102 chuno
191 2037 255 2102 eibi
281 2036 424 2101 futurum
452 2035 638 2117 participem
666 2035 718 2117 pia
746 2033 864 2117 ubique
892 2053 968 2102 uooe
996 2038 1209 2119 praedicebat,

86 2141 180 2220 credo,
205 2143 242 2204 nt
262 2139 442 2220 incipientis
464 2138 608 2204 tirocinia
630 2157 699 2220 spes
721 2139 909 2206 adnuntiata
930 2139 1091 2207 solidaret.

123 2279 182 2344 Sed
205 2283 370 2362 postquam
392 2279 500 2344 beatus
523 2280 573 2343 nir
594 2278 741 2343 humenis
763 2277 857 2342 rebus
873 2279 1034 2363 exemptus
1048 2278 1106 2362 ebt,
1130 2279 1209 2347 Gon·

84 2381 176 2446 stanti
206 2381 361 2448 antistitis
385 2399 422 2446 ea
444 2384 631 2464 tempestate
658 2381 872 2446 florentissimi
900 2382 1026 2448 iunctus
1054 2385 1210 2467 obsequiis

84 2484 224 2568 gloriosis
253 2485 395 2568 operibus
424 2486 509 2550 uitae
538 2483 718 2549 rudimenta
746 2483 918 2550 dedicauit:
950 2487 1004 2569 qui
1033 2507 1106 2553 eum
1128 2489 1211 2554 inter

56 2589 303 2654 aecclesiasticos
326 2591 501 2671 exceptores
525 2589 690 2654 caelestem
713 2589 862 2653 militiam
883 2587 977 2653 iussit
998 2590 1111 2657 ordiri:
1142 2594 1210 2656 erat

84 2691 163 2756 enim
192 2691 383 2757 uenerabilis
414 2692 557 2757 sacerdos
579 2690 697 2756 Antoni
726 2692 827 2757 nostri
854 2693 993 2774 patruus.
1032 2695 1086 2758 sed
1116 2713 1209 2759 num·

84 2813 171 2876 quam
203 2795 259 2861 ille
292 2795 466 2878 magisterii
500 2792 636 2877 rigorem
665 2794 947 2878 consanguinitatis
973 2794 1043 2878 lege
1072 2797 1211 2862 molliuit

83 2915 135 2962 uec
163 2897 241 2963 fecit
273 2915 418 2962 securum
447 2900 485 2964 de
513 2897 744 2964 necessitudine
778 2897 965 2978 discipulum
998 2917 1060 2963 uon
1086 2898 1209 2977 timere,

83 3001 129 3064 oui
150 3003 288 3087 gratiam
317 3001 452 3066 doctoris
481 3001 544 3066 nisi
573 3017 702 3065 musore
731 3017 792 3065 non
814 2999 984 3082 praestitit.
1018 3002 1124 3066 tantus
1147 3001 1210 3067 fuit

55 3105 161 3169 eccirca
195 3105 382 3170 sectatorem
416 3103 599 3188 diligentiae
631 3103 762 3182 modae,
799 3103 952 3185 quantum
984 3103 1102 3168 iudicia
1134 3121 1208 3168 oon-

84 3205 238 3272 tulerunt:
261 3207 410 3272 meritum
433 3225 526 3272 sunm
548 3207 582 3271 in
604 3205 685 3272 facie
708 3207 872 3271 monitoris
895 3207 1034 3291 agnouit.
1067 3206 1122 3271 sed
1143 3208 1209 3272 iem

84 3303 278 3388 peccatorum
301 3311 526 3376 consummatio
548 3310 719 3376 Pannoniis
747 3309 926 3376 minabatur
948 3310 1115 3375 excidium:
1144 3311 1210 3375 iam

131 3569 143 3621 l
163 3566 214 3636 qui
232 3565 356 3634 quamuis
374 3581 409 3620 co
426 3563 535 3634 quidam
552 3565 594 3619 nis
612 3565 639 3619 L
656 3581 727 3620 corr.
831 3567 849 3618 2
867 3566 966 3634 rtyrpis
984 3566 1012 3620 Β
1111 3566 1130 3620 4
1147 3566 1209 3620 cho·

81 3665 229 3716 runcantem
247 3659 273 3714 T
371 3661 388 3714 5
406 3659 529 3715 otomatis
550 3665 573 3726 (d
591 3663 672 3728 corr.)
693 3661 731 3726 12,
759 3660 906 3714 stimmntie
923 3660 952 3714 Β
1046 3658 1210 3729 'Ipresciuit

81 3755 106 3808 Β
209 3755 324 3825 reliquid
351 3754 379 3809 B
481 3755 498 3810 9
523 3756 652 3810 instituto
682 3755 715 3809 V¹
820 3755 853 3810 12
878 3755 977 3826 ignata
1002 3755 1039 3809 T*
1148 3771 1208 3810 enm

81 3895 128 3934 en.
147 3879 173 3934 r
277 3877 309 3931 ue
326 3877 411 3931 oculu
430 3877 512 3932 nme
616 3877 708 3931 fucum
730 3875 766 3931 ν’
875 3877 910 3931 14
925 3875 1095 3931 mun-nu
1112 3849 1164 3930 aab
1179 3877 1209 3930 n

80 3975 109 4028 io
124 3989 179 4031 ros.
286 3972 319 4025 1⁵
336 3971 491 4040 predicabat
509 3971 537 4026 Β
639 3972 672 4026 16
689 3972 822 4040 tyrocinia
838 3971 952 4026 BLTV
1046 3969 1209 4024 mnunomta

80 4068 105 4121 Β
212 4066 244 4122 li
262 4065 408 4135 exemptos]
426 4068 533 4134 ereptus
553 4065 579 4120 Τ
670 4064 817 4120 constantii
835 4063 920 4119 ow
1020 4065 1053 4120 18
1069 4064 1208 4120 antestitis

80 4161 105 4214 Β
191 4161 226 4216 19
242 4159 367 4229 operibns
386 4163 414 4228 (p
432 4163 512 4225 corr.)
532 4159 560 4213 Β
653 4157 684 4212 21
705 4159 811 4213 antonii
829 4157 913 4213 MV
1000 4159 1035 4214 22
1051 4159 1207 4230 magesterii

79 4257 104 4310 Β
208 4253 243 4310 25
265 4254 361 4309 modiis
384 4254 424 4308 L¹
528 4253 562 4308 27
588 4253 758 4310 minabatur
776 4255 804 4321 (n
823 4256 905 4321 cros.)
930 4252 959 4308 1,
1060 4255 1126 4324 ism]
1144 4271 1207 4310 nam

80 4342 162 4398 LTV

126 4447 174 4502 VI.
1069 4445 1103 4500 25
