2934 4934
13 447 16 516 δ
475 408 712 478 Epistularum
728 411 817 466 liber
834 410 855 463 I.
1178 416 1219 481 21

13 591 14 670 ζ
105 598 184 672 sunt,
209 596 401 674 emendetur,
426 600 458 661 et
478 597 547 663 ideo
569 598 609 663 ad
624 599 799 680 scriptionis
822 598 975 665 culturam
991 602 1090 667 multo
1112 604 1220 668 sudore

13 697 14 770 l
104 696 325 781 tepraepara,
359 702 396 763 ut
418 700 501 775 nota,
530 719 609 783 quac
634 702 713 767 circa
736 704 767 767 te
789 721 844 785 pro
866 704 1031 769 uenerandi
1052 704 1150 786 patris
1172 705 1221 771 tui

13 771 15 916 l
102 800 227 865 meritis
252 805 283 865 et
306 820 409 868 amore
434 804 571 886 concepi,
593 804 632 868 ad
655 804 798 869 effectum
820 806 877 871 sub
899 805 958 870 bac
979 808 1129 873 claritatis
1151 810 1221 874 tuae

100 904 274 969 intentione
297 904 488 987 pemeniaut

13 1045 91 1162 '⁵
629 1093 685 1157 xr.

373 1227 546 1283 CASTORIO
566 1228 610 1282 ΕΤ
628 1228 741 1283 buono
759 1228 947 1284 ENNODIVS.

138 1351 314 1415 rimantem
331 1350 425 1415 uestri
439 1352 545 1432 gratia
559 1350 712 1417 deberetis
727 1352 862 1416 releuare
875 1352 1028 1436 conloquii
1041 1356 1073 1418 et
1087 1353 1219 1420 amicam

98 1451 299 1535 diligentiam
327 1452 506 1519 testimonio
533 1472 668 1519 reserare
698 1456 864 1530 sermonis,
892 1455 963 1537 quia
991 1456 1079 1519 muta
1106 1456 1217 1523 caritas

95 1573 175 1635 pene
199 1555 321 1620 obtinet
342 1556 425 1620 uices
442 1556 557 1638 ingrati
572 1557 604 1621 et
618 1575 673 1640 per
686 1556 871 1639 paginarum
887 1558 1107 1623 abstinentiam
1121 1561 1217 1625 inter·

13 1629 15 1710 Ι
64 1657 218 1739 recipitur
241 1656 289 1721 nis
312 1657 435 1724 amoris.
468 1658 631 1723 absentum
657 1659 771 1723 animis
792 1658 859 1724 sola
880 1660 1054 1725 litterarum
1076 1662 1217 1727 medetur

96 1760 226 1844 oblatio,
250 1777 330 1842 quae
344 1760 478 1842 quodam
492 1760 606 1825 mentis
621 1760 753 1826 artificio
775 1761 877 1845 pingit
898 1763 1063 1845 scriptione
1086 1782 1216 1846 quocum

13 1935 14 1950 χ
94 1862 247 1944 loquitur.
277 1862 352 1927 baec
373 1864 458 1945 apud
479 1882 534 1928 uos
555 1881 779 1945 superuacuum
800 1868 945 1946 putamus
968 1866 1118 1946 adserere,
1141 1886 1216 1949 quoa

13 1963 14 1966 ’
93 1964 247 2031 instituta
268 1964 387 2030 nobilia
409 1968 542 2045 acuunt,
571 1966 682 2048 quibus
710 1970 833 2048 praesto
861 1970 909 2032 est
930 1968 1057 2052 sanguis
1079 1969 1217 2035 doctrina

94 2069 299 2134 consortium.
322 2068 401 2133 nihil
422 2070 469 2134 est
491 2069 640 2135 bonarum
658 2070 781 2143 artium,
798 2071 878 2152 qnod
893 2072 1012 2136 nescire
1028 2073 1094 2137 sine
1108 2072 1215 2157 negle-

62 2170 229 2252 agantico
260 2170 353 2252 culpa
377 2170 518 2254 possitis,
548 2190 624 2253 quos
652 2173 721 2253 post
746 2172 850 2238 lucem
870 2175 1020 2240 natalium
1042 2176 1214 2241 Romanum

95 2272 194 2338 docus
221 2274 360 2339 Faustus
390 2274 537 2339 instituit.
575 2293 646 2357 ergo
675 2276 777 2356 magis
805 2275 964 2341 latendum
993 2279 1040 2342 est
1073 2297 1122 2343 me
1154 2297 1214 2344 non

93 2376 210 2440 mereri
235 2378 315 2457 quod
335 2379 475 2460 postulo,
498 2395 590 2460 quam
613 2394 669 2443 uos
691 2378 808 2443 nescire
836 2379 910 2459 quid
938 2380 1075 2445 debeatis
1098 2380 1213 2448 offerro.

92 2478 216 2543 domini
249 2478 310 2557 mi,
343 2478 543 2544 salutationis
572 2479 675 2546 debita
696 2480 878 2547 effusissima
900 2482 1077 2548 humilitate
1098 2486 1214 2566 persol-

91 2599 172 2645 uens
195 2598 314 2663 precor,
336 2583 373 2645 ut
395 2585 521 2648 andem
543 2583 708 2666 aliquando
722 2603 783 2650 non
798 2586 981 2650 inmemores
997 2586 1213 2654 admonitionis

13 2677 14 2684 ’
58 2687 121 2747 sec
144 2682 283 2748 foederis
311 2683 507 2769 rescribatis,
541 2684 624 2751 circa
650 2705 729 2770 quae
752 2704 843 2771 opera
863 2688 966 2771 pigros
988 2706 1044 2753 uos
1066 2708 1132 2755 esse
1154 2709 1213 2755 non

90 2786 253 2863 conuenit,
277 2787 350 2867 qnia
372 2806 428 2853 nec
449 2789 676 2855 conuersationi
698 2790 821 2855 uestrae
835 2795 944 2856 sancta
959 2792 1145 2858 conscientia
1158 2812 1214 2859 nac

90 2889 170 2954 uber
193 2907 295 2954 sermo
315 2892 418 2973 potest
438 2891 544 2957 deesse
566 2892 746 2974 conloquiis.

141 3162 324 3230 2praepara·
346 3162 372 3216 L
388 3164 421 3217 t?
438 3179 506 3217 eros.
601 3164 806 3219 badectumi'
900 3166 1137 3235 iperueniuntT

140 3265 198 3319 11.
227 3265 378 3320 'lreuolare
394 3266 422 3321 L
522 3268 639 3335 9poene
656 3267 761 3336 optinet
778 3267 806 3321 Β
901 3268 984 3323 uncos
1001 3270 1029 3324 Β
1130 3274 1211 3327 inter·

87 3388 199 3457 apem
215 3387 243 3440 e
357 3387 391 3441 ro
411 3359 548 3471 enaim
565 3388 606 3451 a,
634 3389 662 3444 a
678 3386 831 3442 abablium
848 3387 908 3453 zu,-
937 3389 1212 3447 ananum-nce

87 3502 185 3541 rarum
204 3487 231 3541 Τ
247 3490 281 3542 io
297 3504 353 3543 roa
369 3492 442 3543 Μ
543 3492 574 3544 11
598 3489 701 3545 artifice
725 3489 753 3543 L
853 3491 997 3547 scribtione
1019 3494 1047 3547 Β
1147 3510 1211 3564 quo·

87 3588 151 3627 cum
173 3573 285 3641 scripsi,
302 3574 374 3642 quod
392 3574 529 3639 LPWb,
547 3591 613 3644 quos
630 3576 659 3631 Β
762 3577 794 3631 12
811 3592 927 3631 asserere
946 3578 1017 3633 TVb
1118 3582 1150 3635 14
1167 3598 1212 3637 ne·

89 3693 244 3763 gligentiae
263 3693 289 3747 T
305 3700 332 3748 et
348 3696 386 3749 sic
402 3697 514 3764 coeptos
615 3698 648 3750 15
664 3697 761 3766 positis
779 3699 844 3765 ΒΤ,
867 3664 986 3767 possides
1004 3700 1031 3754 Β
1048 3702 1085 3757 tis
1102 3718 1123 3757 a.
1141 3704 1159 3758 l.
1177 3720 1211 3758 m.

89 3796 141 3833 reo.
164 3778 313 3847 (Sdoolts'i)
415 3785 477 3850 post
493 3782 587 3851 lucem]
604 3782 630 3852 p'
648 3783 705 3837 luco
723 3784 750 3837 Β
855 3786 887 3838 16
905 3786 1050 3854 me-quod
1069 3788 1095 3842 T
1108 3790 1140 3843 ire
1157 3805 1210 3843 rae.

88 3902 161 3953 sa2
266 3899 298 3952 l'l
316 3874 421 3968 postblo
445 3902 471 3954 V
493 3908 647 3956 coor.m.1
754 3904 788 3957 18
811 3903 921 3974 domini]
946 3906 1009 3961 dum
1031 3908 1073 3962 Pb
1173 3912 1212 3963 mi

89 3985 197 4052 scripsi,
216 3983 284 4038 mihi
306 3984 442 4052 BM'Vb,
459 3987 543 4073 miclri
558 3988 587 4042 P
687 3988 824 4043 eiiumima
840 3989 875 4055 L,
899 3994 926 4045 ot
943 3992 1101 4048 effusissima
1118 3994 1144 4047 Β

91 4086 125 4138 19
143 4085 303 4141 inmemores
323 4087 349 4139 T
370 4102 455 4143 mores
472 4092 505 4144 ia
522 4106 576 4145 roa.
594 4094 667 4146 Μ
768 4093 803 4148 20
818 4096 912 4163 pigrus
930 4098 957 4150 Β
