2934 4934
543 430 660 486 Dictis
684 428 765 487 xm.
796 492 805 509 ι
1158 440 1224 507 465

87 630 119 690 et
142 627 282 692 actorem
315 640 411 691 causa
438 623 649 689 commendat.
693 622 749 689 ubi
777 625 827 690 est
854 640 966 708 pauor,
1001 629 1056 709 qui
1084 650 1141 698 noe
1162 633 1224 701 ssoi

86 731 215 812 propter
236 728 403 811 inperitiae
426 726 651 793 conscientiam
673 727 888 813 subiugabat?
914 727 969 794 ubi
992 729 1105 799 frontis
1128 737 1224 821 tropi·

87 833 186 912 datio,
202 850 263 899 usu
279 832 312 897 et
327 830 552 897 exercitatione
566 829 733 913 fragilior?
758 830 977 896 obliuiscimur
991 837 1100 902 meriti
1114 840 1225 917 nostri,

87 937 163 1003 dum
180 936 361 1003 claritatem
375 934 535 1017 loquimur
550 932 656 999 alieni.
679 952 764 999 nunc
777 934 926 1001 discimus
939 937 1085 1019 potentes
1099 946 1132 1007 et
1146 940 1226 1008 alios

66 1060 165 1123 cesse,
189 1058 246 1106 uos
268 1040 378 1118 lacero,
402 1037 525 1120 qnando
549 1038 675 1101 tanturn
698 1040 731 1102 et
753 1038 838 1103 fama
860 1038 975 1105 nobilis
991 1040 1047 1106 dat
1068 1047 1225 1125 praeconi.

86 1144 169 1210 nihil
184 1144 264 1209 mihi
280 1162 350 1208 cum
365 1140 478 1206 dubiis.
495 1142 643 1225 splendor
657 1141 824 1207 laudantes
841 1140 1013 1210 inluminat
1031 1144 1063 1209 et
1074 1147 1226 1214 inmersos

86 1248 239 1327 tenebris,
263 1247 292 1311 si
315 1245 381 1311 eius
404 1244 615 1321 meminerint,
639 1244 687 1310 sol
708 1244 853 1312 recludit
876 1246 933 1311 sed
954 1266 1063 1313 rursus
1083 1250 1228 1319 hilaritas

85 1350 233 1434 iungitur
254 1366 326 1415 cum
347 1365 463 1433 pauore
486 1352 519 1414 et
533 1348 570 1413 fit
585 1347 669 1415 socia
684 1347 887 1415 exultationis
901 1350 1079 1433 trepidatio.
1104 1356 1227 1436 quaudo

84 1453 178 1538 inpar
216 1452 347 1519 modicis
379 1450 495 1517 sufficit
528 1453 561 1517 in
595 1453 772 1534 supremis?
811 1470 886 1518 uam
916 1455 969 1536 qui
1002 1454 1223 1523 claritudinem

52 1578 76 1617 sc
85 1575 151 1622 nou
173 1556 242 1621 stili
263 1556 334 1621 luce
363 1556 563 1620 commendat
591 1554 767 1629 obnubilat
800 1558 833 1620 et
861 1554 944 1621 sicut
967 1556 1094 1641 ingenio
1116 1558 1227 1625 facun-

85 1659 200 1726 dorum
216 1660 359 1724 eroscunt
373 1656 505 1735 modica,
529 1656 577 1723 ita
597 1658 741 1723 siccitate
755 1657 1007 1725 deuenustautur
1020 1660 1226 1743 amplissima,

85 1766 121 1828 et
151 1763 215 1827 nisi
244 1761 421 1827 aestimatis
451 1760 573 1825 unibus
601 1759 796 1845 adgredieris
825 1762 999 1841 sarcinam,
1036 1762 1226 1829 subiacebis.

85 1884 161 1931 ecce
181 1866 326 1931 Paterius
355 1868 387 1928 et
415 1862 565 1944 Seuerus,
595 1866 780 1929 ornamenta
811 1863 969 1929 curulium
998 1866 1030 1929 et
1059 1867 1227 1949 parentiua

84 1968 244 2033 uocabula
265 1984 490 2051 purpurarum,
520 1965 732 2032 eruditionem
755 1966 959 2051 originariam
981 1967 1017 2032 iu
1043 1968 1120 2051 ipsis
1143 1970 1230 2035 uitae

52 2072 322 2155 repraestolantur
344 2070 486 2149 exordiis,
511 2068 716 2153 dedignantes
738 2088 801 2135 non
822 2070 998 2137 studiorum
1028 2072 1228 2157 diligentiam

85 2196 165 2242 cum
197 2193 306 2259 sapore
339 2175 419 2240 lucis
454 2174 592 2253 haurire,
628 2191 704 2257 quos
738 2174 913 2240 indiscretis
947 2174 1143 2259 temporibus
1165 2177 1228 2243 diei

85 2281 204 2345 natura
225 2280 355 2345 donauit
378 2281 411 2344 et
432 2280 558 2345 litteris.
591 2298 647 2362 pro
676 2280 787 2364 quibus
815 2280 891 2362 quid
914 2284 1080 2363 pareutum
1104 2284 1225 2367 decora,

85 2384 168 2467 quid
182 2383 318 2467 insignia
332 2385 463 2449 uetusta
477 2402 578 2449 nouus
594 2384 752 2451 mentibus
767 2386 883 2451 relator
897 2384 1084 2450 insinuem?
1099 2386 1230 2453 leuabor

85 2487 148 2553 hoc
173 2503 274 2571 onere,
297 2487 324 2551 si
348 2486 448 2552 laetus
470 2505 525 2570 pro
548 2505 609 2566 mc,
633 2488 768 2567 auditor,
791 2488 982 2571 interroges:
1005 2506 1130 2554 mecum
1154 2506 1225 2555 oen-

49 2590 202 2666 acturiae,
218 2608 341 2655 mecum
356 2592 459 2674 campi
473 2590 634 2656 sollemnis
650 2592 707 2656 illa
721 2590 918 2667 uociferatio,
935 2608 1060 2655 mecum
1077 2590 1228 2657 Seuerum

84 2696 118 2759 et
152 2692 315 2758 Paterium
347 2699 377 2758 et
412 2694 485 2759 aula
519 2695 687 2759 ueneratur
716 2698 748 2758 et
779 2696 882 2759 ouda:
916 2710 1048 2777 qnorum
1083 2693 1229 2776 quamuis
1275 2688 1278 2693 ’

83 2795 216 2861 familia
251 2798 400 2863 meruerit
434 2797 588 2880 scipiones
623 2800 655 2861 et
694 2799 838 2876 trabeas,
875 2798 1013 2881 seposita
1051 2800 1159 2862 temen
1188 2795 1229 2861 ad

83 2904 217 2982 tempus
246 2900 318 2965 dote
345 2900 522 2985 sanguinis,
555 2901 637 2983 quod
667 2918 810 2965 occasum
832 2920 888 2983 per
909 2900 1082 2985 dignitates
1105 2904 1137 2966 et
1159 2904 1231 2983 post

82 3002 235 3087 sepulcra
267 3003 427 3082 nesciunt,
465 3003 604 3069 moribus
639 3007 819 3087 exegerunt.
866 3005 1016 3087 mentior,
1050 3003 1113 3069 nisi
1148 3002 1232 3067 uiuit

47 3106 237 3175 aaPaterius
259 3106 293 3171 iu
315 3106 458 3188 opinione
480 3106 642 3171 doctorum
665 3109 697 3171 et
718 3108 848 3189 pereuni
871 3125 942 3172 aare
964 3107 1117 3172 formatus
1139 3106 1231 3171 illam
1301 3175 1305 3188 ,

143 3366 325 3418 lanctorem
353 3362 380 3417 Τ
481 3364 570 3432 eausa]
598 3363 776 3419 creaturai'
877 3363 954 3417 ddu
981 3363 1009 3417 V
1109 3363 1231 3432 talama]

83 3454 181 3508 dorma
200 3451 227 3505 L
330 3448 437 3505 Boetia
452 3449 480 3503 Β
583 3449 767 3505 9irrmodicis
778 3449 841 3514 LT,
859 3449 1012 3504 immodicis
1028 3450 1060 3515 V,
1079 3449 1235 3504 etmodicis

81 3558 137 3614 Po
230 3542 341 3625 supmus
358 3555 397 3609 a*
484 3555 531 3623 qur
551 3554 721 3610 raras
808 3554 840 3609 11
860 3554 980 3609 mauce
996 3552 1024 3607 a
1111 3553 1235 3608 nessae

80 3646 113 3701 Β
209 3641 407 3711 amplissimaB
494 3640 527 3693 13
540 3640 671 3695 corulinm
684 3639 712 3695 L
800 3639 833 3695 14
844 3638 1060 3708 perpurarumB
1146 3640 1234 3709 orige-

80 3750 199 3805 nariam
216 3746 281 3814 BV,
308 3731 476 3815 origenariofu
494 3745 522 3799 L
633 3744 666 3797 15
693 3743 896 3811 praestolantur
922 3740 951 3797 B
1062 3739 1232 3795 etuodiorum

79 3838 114 3895 Β
229 3832 262 3889 16
285 3832 353 3887 lucis
375 3832 463 3887 aurire
488 3832 529 3895 Β,
559 3831 667 3885 haurire
689 3830 760 3884 lucis
784 3828 868 3883 LTV
968 3826 1023 3882 diei
1045 3826 1162 3894 LPTV,
1190 3826 1235 3881 dio

79 3926 122 3988 Β,
155 3920 203 3975 dei
221 3919 379 3987 Potae
475 3917 508 3973 18
525 3917 635 3986 insigna
652 3915 692 3970 L¹
787 3931 872 3971 nouos
890 3930 925 3970 em
941 3929 1030 3969 nouus
1047 3913 1076 3969 Β
1092 3927 1163 3968 corr.

79 4009 206 4068 lauabor
232 4007 290 4061 BP
406 4006 438 4060 19
464 4020 541 4059 onere
567 4004 596 4070 b,
625 4020 706 4059 onore
733 4004 767 4071 P,
796 4004 895 4057 honoro
921 3998 1039 4056 BLTV
1148 3998 1235 4053 laetos

78 4100 136 4156 Bo
231 4092 376 4162 interrogis
393 4092 421 4147 Β
509 4107 613 4147 mecum
630 4091 768 4146 centuriae
785 4106 836 4145 oar.
854 4088 936 4144 stac
1023 4086 1060 4140 20
1077 4084 1236 4154 sollempnis

81 4206 111 4262 Τ
226 4198 258 4253 21
283 4182 377 4268 pau'riu
393 4199 417 4265 (r
433 4197 466 4251 a'a
483 4210 539 4250 rus.
557 4197 638 4261 corr.)
658 4194 685 4249 L
788 4194 929 4247 uenerator
944 4188 973 4243 Β
1075 4189 1111 4243 22
1134 4189 1237 4243 meruit

76 4286 198 4349 LTVb
300 4284 336 4339 24
362 4284 502 4351 sepulchre
529 4280 640 4337 LPTV
741 4278 881 4348 exigerunt
907 4276 935 4332 Β
1037 4275 1114 4329 uiuet
1136 4274 1165 4329 Β

77 4380 118 4436 25
140 4372 279 4446 perhenni
302 4371 327 4426 Τ

142 4476 199 4534 VI.
1095 4465 1130 4520 30
