2934 4934
436 411 671 484 uprseornrnu
693 408 880 468 1reerr1u.
1155 413 1221 482 eis

94 603 220 769 uegtrne
243 619 305 668 non
327 601 476 688 neglectis
499 619 576 680 quoe
599 602 779 685 frequenter
798 620 832 668 se
846 603 994 688 ingerunt
1009 601 1220 670 occasionibus

92 724 131 772 su
153 704 276 772 lenens.

589 839 726 908 Xvilil.

482 977 666 1035 menemus
691 973 839 1035 unvsuo.

68 1119 82 1161 ⁵
135 1103 290 1186 cunnus
312 1102 414 1170 omnis
438 1101 613 1186 toquentin
627 1101 808 1170 litterarum
823 1101 968 1170 uidentur
990 1119 1061 1172 rara
1079 1102 1223 1170 sollicitis

89 1225 151 1274 nec
173 1205 310 1272 sufficiet
332 1205 528 1292 prouidentie
542 1223 599 1288 pro
616 1204 732 1289 pietate
756 1223 914 1290 suspenso,
936 1211 1044 1272 tumen
1057 1223 1128 1291 pers
1149 1205 1222 1284 ists,

91 1309 145 1376 cni
168 1309 360 1392 inpenditur,
383 1308 445 1376 uisi
460 1309 665 1392 responderit,
681 1310 722 1376 sb
736 1309 934 1379 humanitate
950 1310 1133 1394 seinuffitur.
1148 1326 1223 1392 ergo

91 1411 293 1478 salutationis
315 1411 419 1478 officie
435 1410 596 1494 praefatus
619 1412 676 1478 deo
698 1413 856 1480 tribuente
869 1412 972 1483 indico
987 1430 1112 1480 meeum
1133 1429 1221 1478 senc·

91 1517 201 1582 torum
223 1514 381 1601 suffragiis
405 1515 438 1581 et
459 1514 573 1585 nesus
594 1516 739 1600 precibus
761 1517 827 1584 iem
853 1516 967 1584 melius
993 1517 1044 1600 opi
1073 1516 1106 1584 et
1134 1516 1222 1583 illem

57 1618 322 1702 nodesperntiouis
350 1622 381 1684 et
404 1616 539 1684 febrium
560 1617 732 1703 intepuisse
760 1620 978 1688 ualitudinem.
1023 1637 1113 1699 nune,
1136 1618 1222 1701 qnod

91 1723 212 1800 restet,
250 1739 353 1806 spero,
391 1725 427 1787 ut
455 1722 640 1806 petitionem
661 1741 908 1806 murmurem
930 1741 987 1805 per
1008 1721 1222 1794 contemplum

94 1842 204 1890 meum
230 1822 361 1890 fratrem
384 1824 512 1892 Florum
534 1827 708 1906 desdmui,
737 1828 891 1908 suscipere
913 1824 1009 1892 solite
1029 1823 1223 1908 benignitete

95 1925 280 2009 dignemini,
309 1927 391 2011 quis,
422 1926 482 1994 etsi
513 1929 592 1996 mihi
613 1932 652 1997 nd
673 1948 819 2012 procem
839 1947 890 1996 ree
913 1928 1039 1996 uidetur
1061 1946 1128 1994 esse
1149 1945 1222 1995 con·

93 2030 213 2112 pendit,
237 2031 335 2110 uobis,
360 2031 472 2113 quibus
496 2031 598 2116 megie
621 2033 729 2098 future
751 2031 837 2100 cordi
859 2035 944 2112 suut,
968 2030 1091 2103 rulime
1112 2050 1151 2100 ex
1166 2031 1223 2098 hec

58 2133 184 2218 reperte
208 2151 332 2198 summu
353 2133 528 2220 respondet.

626 2317 694 2388 XX.

466 2454 651 2513 ENNODIVS
675 2448 854 2515 uenusto.

137 2579 172 2646 Si
196 2579 336 2646 unusne
358 2597 414 2646 uos
428 2596 555 2662 corpore
570 2581 724 2664 prosequi,
748 2581 854 2651 uerbis
873 2580 1081 2651 obstineremr
1103 2583 1137 2648 nt
1153 2599 1224 2648 eom

92 2683 150 2750 iile
173 2700 224 2748 res
247 2681 421 2750 uudtudine
444 2680 559 2763 deficit,
581 2681 643 2750 iste
665 2683 831 2751 subcurnit.
863 2684 927 2750 soit
948 2686 1139 2754 secretorum
1160 2684 1224 2750 dis-

60 2803 217 2867 ncuesor,
248 2805 298 2852 me
327 2790 359 2851 et
387 2783 523 2851 diuisum
550 2787 723 2869 proesentis
753 2804 772 2852 e
800 2787 888 2852 uobis
911 2786 1021 2855 nbesse
1041 2805 1105 2853 non
1124 2805 1223 2870 posse.

91 2891 225 2976 proinde
248 2887 492 2955 sollicitudiuem
506 2891 645 2956 uentrem
660 2890 770 2954 nuntio
785 2890 1001 2972 prosperitntis
1017 2908 1105 2955 mese
1120 2891 1224 2955 releuo

94 2999 135 3078 et,
153 2992 380 3075 propterquod
396 3010 575 3060 concoesuun
592 2994 640 3060 est
657 2990 824 3076 epistolare
839 2991 1072 3070 commercium,
1087 2993 1225 3057 uestrum

93 3096 229 3180 requiro,
253 3094 393 3160 indicens
423 3095 540 3162 honore
569 3092 767 3161 salutationis
794 3093 922 3177 inpenso
950 3113 1083 3179 puerum
1110 3114 1161 3160 me
1184 3094 1224 3160 nd

95 3197 329 3282 suscipiendum
354 3196 511 3264 cabellum
528 3197 684 3264 direxisse.
707 3199 834 3264 tuntum
848 3199 896 3263 est
912 3200 949 3264 ut
963 3197 1061 3264 telem
1077 3197 1223 3277 mittetis,

61 3317 189 3384 nequem
220 3304 251 3366 et
278 3317 333 3366 uos
362 3297 481 3368 deduce
511 3299 629 3367 clureet
658 3301 690 3366 et
718 3316 776 3383 ego
802 3319 858 3383 pro
882 3294 1006 3366 honoris
1029 3318 1154 3367 summe
1175 3320 1225 3366 unc

95 3405 249 3488 gundeem
271 3405 452 3487 suscepieee.

148 3608 272 3664 lueetre
290 3607 317 3662 Β
420 3606 547 3677 neglictie
569 3603 597 3661 Β
700 3605 944 3692 occessiouiltusss

144 3709 266 3766 xvim.
296 3710 468 3766 bnmnceB
557 3710 913 3780 tipnreistenlperestld¹
990 3708 1156 3777 SuffitieB

97 3795 337 3866 recuperationis
355 3795 383 3850 Β
468 3795 647 3866 iuteposuisse
664 3796 692 3852 B
786 3796 816 3852 ll
836 3796 975 3865 petionem
990 3795 1030 3854 1³¹
1118 3796 1151 3850 13
1168 3811 1225 3864 pro

96 3898 155 3938 sens
174 3883 204 3940 B
307 3883 341 3938 15
357 3881 496 3953 respondit
515 3883 542 3938 Β

145 3985 206 4041 XX.
243 3985 513 4044 incedendum.
613 3986 696 4041 edB
799 3985 1063 4042 ldmh'tudinillt
1162 3983 1224 4040 nb

94 4075 184 4126 curret
203 4070 230 4125 Β
332 4071 367 4128 20
384 4071 521 4142 presentie
538 4071 566 4127 Β
661 4073 697 4128 tl
714 4073 796 4142 pindo
813 4072 841 4128 L
940 4070 1148 4126 eollicitudteend
1164 4070 1225 4140 (udi

95 4157 127 4210 io
151 4161 220 4224 rus.)
247 4155 275 4212 Ia
377 4173 450 4213 mene
476 4157 665 4227 prosperitatie
692 4157 819 4214 mvn
931 4157 967 4212 22
993 4159 1114 4211 nesus!
1140 4157 1156 4212 t

96 4241 277 4384 <lhdmgruillum
290 4243 319 4298 Β
404 4243 528 4298 mittentes
540 4243 567 4299 Β
653 4244 688 4300 26
700 4245 807 4313 quslom
819 4243 889 4301 coni.
903 4243 1029 4299 fleitellus
1113 4241 1224 4312 idpsu-
