2934 4934
229 411 333 462 LXIIII

231 581 429 666 professionis
452 580 588 664 insignia
609 597 683 664 prae
698 599 729 646 se
748 581 820 664 fert,
840 584 1053 664 ‚opponuntur
1064 616 1109 648 ,-
1125 580 1200 659 263,
1217 579 1258 644 12
1274 579 1364 644 :coeii

231 685 319 769 oye,
338 689 497 751 mnarum
510 683 702 764 momine,
716 683 890 763 flaminicae
903 682 1066 764 inperata
1082 682 1244 765 (soperbia
1258 683 1362 766 codd.)

231 787 409 854 subdidisti.
437 806 508 854 eum
532 807 568 854 ex
589 787 752 868 imperitia
772 788 876 870 prima
896 786 1021 872 syllaba
1043 787 1155 854 bansta
1171 787 1291 868 peruia
1312 787 1365 852 nel

231 893 397 958 accedente
420 891 671 974 frequentissima
686 891 862 956 mutatione
879 891 992 972 penta
1006 890 1126 956 fectum
1142 894 1234 969 esset,
1256 889 1290 954 in
1305 889 1365 954 bac

231 1013 307 1061 uooe
328 993 478 1076 superma
498 995 594 1062 elicui
615 996 716 1062 latere
739 995 832 1062 facile
853 994 1028 1062 uidebatur.
1052 995 1093 1060 el.
1116 993 1162 1059 St.
1180 994 1220 1058 V.
1240 992 1363 1058 11236.

234 1139 271 1152 -
296 1099 370 1182 273,
395 1099 438 1166 20
459 1100 514 1180 qui
535 1119 583 1166 noe
613 1099 746 1164 ueritati
779 1099 878 1165 aweit
906 1099 1095 1176 obtendam,
1124 1097 1233 1163 Ateio
1259 1095 1367 1161 cotue

231 1202 339 1268 uideat
367 1207 426 1268 cco
446 1223 517 1270 nece
542 1203 623 1286 (rote
645 1203 750 1284 BLV,
774 1202 840 1268 luce
860 1204 902 1287 Τ)
924 1202 1091 1284 opulentae
1110 1202 1249 1266 ettitboe
1270 1199 1365 1265 cocto

232 1307 366 1374 nerbas.
390 1306 491 1373 caedis
513 1307 630 1372 mentio
646 1307 731 1374 adsit
746 1327 869 1374 necesse
884 1312 943 1385 est,
965 1327 1028 1390 qua
1043 1326 1062 1373 a
1076 1305 1265 1376 Theoderico
1281 1303 1366 1368 lacta

232 1411 338 1478 Atesis
371 1410 575 1476 cadaueribus
605 1411 760 1494 completo
788 1415 845 1476 est.
882 1429 954 1476 eecce
981 1414 1053 1495 post
1085 1412 1224 1494 syllabae
1252 1406 1366 1490 prioris

232 1518 386 1582 iacturam
416 1513 509 1582 fusile
538 1514 570 1578 in
604 1512 823 1579 aberraturi
855 1514 968 1596 potuit.
991 1551 1032 1564 -
1055 1515 1128 1593 279,
1159 1514 1202 1578 16
1227 1511 1368 1575 miratae

232 1623 309 1684 suut
333 1619 427 1701 (duae
441 1617 597 1696 rotnace)
622 1617 674 1681 sai
695 1616 816 1682 menites
836 1617 980 1684 inueniri
993 1622 1023 1682 ct
1036 1618 1074 1683 ia
1095 1616 1235 1682 bambae
1255 1631 1368 1697 yeme

233 1723 283 1789 aei
300 1721 418 1788 Gelbes
443 1724 545 1805 (coires
567 1721 669 1804 codd.)
696 1721 891 1786 resistentem
910 1721 1018 1786 uidere
1040 1722 1168 1804 (αιιάονε
1189 1719 1289 1800 codo)
1313 1715 1368 1781 uei

232 1828 403 1911 Baleares.
442 1825 551 1892 littera
578 1826 592 1888 i
618 1826 732 1890 onrissa
765 1844 802 1890 ex
834 1825 928 1890 odere
958 1825 1064 1908 potius
1096 1825 1213 1890 ocrim
1243 1821 1367 1886 factum

233 1951 328 2015 quam
350 1930 478 1996 consilio
501 1931 642 2012 uerbum,
666 1946 726 2011 quo
742 1929 932 1994 constructio
946 1930 1137 2011 turbaretur,
1157 1927 1367 2010 excogitatum

234 2055 301 2101 esse
330 2033 517 2119 potiuerim.
555 2032 750 2098 mirabantur
778 2038 884 2097 autem
905 2032 1032 2114 utrique
1055 2035 1089 2097 et
1108 2030 1205 2100 Gothi
1235 2033 1267 2094 at
1288 2026 1368 2092 Bul·

233 2157 338 2224 garos,
376 2138 458 2220 quod
494 2136 549 2219 qui
582 2137 643 2203 sibi
679 2137 862 2201 resisterent
893 2137 1089 2202 inuenerunt
1129 2154 1200 2200 cnm
1233 2134 1272 2198 ab
1305 2149 1368 2196 uno

234 2241 329 2308 uerbo
363 2241 513 2324 bipertita
546 2241 700 2306 sententie
733 2241 931 2323 dependeret,
964 2241 1053 2305 cuius
1082 2239 1222 2304 subiecta
1248 2237 1283 2301 in
1308 2252 1369 2299 auo

234 2346 376 2428 quodque
413 2346 572 2411 diuersum
608 2341 956 2430 (Gothos-Baiocas)
997 2343 1162 2408 coniuncta
1197 2339 1368 2424 primariae

235 2449 410 2514 sententiae
438 2448 665 2530 subicerentur,
693 2448 926 2529 perspicuitatis
951 2466 1046 2514 cauea
1071 2449 1241 2528 utrumque
1270 2441 1369 2522 recipi

234 2557 266 2619 et
298 2571 353 2634 per
385 2570 419 2616 se
447 2553 521 2635 poni
550 2569 675 2620 neeesse
704 2555 780 2616 erat.
812 2589 850 2600 —-
884 2552 964 2630 341,
993 2553 1014 2616 3
1047 2552 1098 2633 (de
1125 2548 1297 2632 Epiphanio
1326 2564 1369 2609 ne

235 2657 396 2740 epiecopus
434 2657 601 2738 eligeretur
638 2654 806 2734 obnitenti)
849 2654 1010 2718 temnebat
1043 2655 1083 2716 ia
1117 2656 1274 2734 quantem
1306 2669 1369 2729 po-

234 2765 314 2826 tcrot
345 2766 373 2827 ct
399 2760 569 2843 tactionum
597 2779 629 2824 se
656 2759 723 2822 ium
756 2757 930 2839 apostoliea
959 2758 1144 2822 initiatione
1173 2752 1370 2839 (imitatione

235 2866 334 2941 codd.)
370 2861 565 2929 clamitabat.
604 2860 742 2926 imitatio
776 2863 987 2942 apostolorum
1023 2861 1068 2943 (l.·
1081 2880 1106 2924 e.
1136 2858 1366 2942 episcoporum)

235 2970 310 3052 quid
338 2970 397 3034 boo
424 2969 490 3033 loco
518 2965 579 3032 sibi
606 2966 694 3044 uelit,
729 2965 896 3030 obscurum
925 2969 974 3029 est
995 2981 1096 3045 neque
1109 2981 1154 3028 -ea
1175 2981 1209 3027 se
1230 2963 1298 3043 ipso
1319 2959 1368 3023 in·

235 3071 363 3153 dignum
392 3069 494 3135 dioere
522 3071 635 3152 potuit.
673 3067 727 3133 sed
754 3067 901 3152 indignus
923 3068 985 3133 sibi
1007 3065 1191 3143 uidebatur,
1224 3063 1278 3147 qui
1300 3063 1369 3127 iam

234 3174 294 3238 hoo
317 3175 458 3254 tempore
480 3175 518 3237 ad
542 3171 747 3254 episcopalem
775 3171 973 3254 dignitatem,
1004 3187 1081 3252 quae
1108 3169 1369 3252 grauissimorum

236 3277 376 3342 uirorum
398 3278 490 3351 esset,
514 3275 744 3357 proueheretur.
782 3292 846 3355 qna
867 3276 905 3340 de
925 3293 960 3339 re
986 3272 1070 3338 idem
1098 3273 1231 3337 uerbum
1259 3269 1369 3354 paullo

236 3382 305 3465 post
333 3381 504 3462 usurpatur
532 3377 554 3441 l.
578 3378 597 3442 8
620 3397 657 3441 oc
685 3377 716 3440 si
744 3376 927 3441 initiandus
955 3381 1033 3442 esset
1063 3377 1159 3440 tobes
1186 3374 1270 3439 orbis
1298 3375 1368 3452 epi·

239 3482 491 3564 scopua-352,
507 3481 547 3545 21
564 3479 817 3563 (Eripiuoniam)
834 3481 903 3546 iam
915 3480 1057 3561 praeuio
1071 3479 1179 3559 spireio
1197 3476 1370 3543 Gallorum

237 3586 380 3665 cumbas,
404 3583 510 3666 uadis
524 3587 610 3662 essct,
632 3583 852 3662 iotimocrerut,
873 3581 1085 3648 sacerdotibus
1094 3580 1268 3662 praecipue
1282 3578 1368 3643 eius·

236 3689 306 3756 dem
327 3689 476 3772 roubais,
498 3706 575 3770 quoe
597 3686 756 3752 nimbos
777 3687 814 3752 cie
836 3686 1079 3752 adamantibus
1099 3683 1270 3766 inquisitio
1283 3703 1368 3764 pro·

236 3794 321 3876 foria
339 3792 520 3876 (prosumo
536 3792 638 3874 codd.)
664 3790 823 3856 sollicitat.
860 3791 962 3875 magis
984 3792 1064 3856 seire
1085 3790 1214 3854 interest
1235 3805 1371 3870 quorum

237 3897 400 3980 inquisitio
422 3915 517 3978 quam
540 3895 640 3978 qualis
663 3897 839 3960 sacerdotes
857 3894 1075 3960 sollicitauerit
1090 3911 1190 3975 nequo
1204 3889 1369 3974 inquisitio

237 4000 499 4084 interrogantium
530 4001 602 4082 apte
631 3997 786 4081 profunda
814 3997 1020 4078 praedicatur.
1059 3997 1141 4079 quod
1169 3995 1197 4059 si
1220 3993 1371 4076 profano

237 4105 430 4187 reponimus,
468 4103 642 4168 sacerdotes
676 4103 709 4166 et
740 4102 914 4167 saeculares
950 4105 1148 4185 opponuntur
1182 4103 1277 4181 etque
1311 4117 1370 4164 our

236 4207 359 4292 profani
392 4206 464 4271 illos
499 4205 633 4270 adierint
655 4204 694 4269 de
717 4204 891 4288 Epiphanio
918 4205 1124 4280 concenturi,
1157 4203 1261 4269 nerbie
1289 4203 1369 4284 ipsis

238 4311 422 4378 declaretur.
446 4345 487 4358 -
511 4309 584 4386 387,
607 4308 649 4374 26
677 4307 837 4375 dedicarit
864 4307 977 4374 coliem
1005 4309 1062 4373 sub
1091 4312 1183 4372 tonte
1215 4307 1370 4390 (subiecta
