<?xml version="1.0" encoding="UTF-8"?>
<!DOCTYPE html PUBLIC "-//W3C//DTD XHTML 1.0 Transitional//EN"
    "http://www.w3.org/TR/xhtml1/DTD/xhtml1-transitional.dtd">
<html xmlns="http://www.w3.org/1999/xhtml" xml:lang="en" lang="en">
 <head>
  <title>
</title>
<meta http-equiv="Content-Type" content="text/html;charset=utf-8" />
  <meta name='ocr-system' content='tesseract 3.04.00' />
  <meta name='ocr-capabilities' content='ocr_page ocr_carea ocr_par ocr_line ocrx_word'/>
</head>
<body>
  <div class='ocr_page' id='page_1' title='image "./corpusscriptoru13wissgoog_0347.png"; bbox 0 0 2934 4934; ppageno 0'>
   <div class='ocr_carea' id='block_1_1' title="bbox 447 384 1247 462">
    <p class='ocr_par' dir='ltr' id='par_1_1' title="bbox 447 384 1247 462">
     <span class='ocr_line' id='line_1_1' title="bbox 447 384 1247 462; baseline 0.011 -22"><span class='ocrx_word' id='word_1_1' title='bbox 447 385 682 456; x_wconf 67' lang='lat' dir='ltr'>Epistularum</span> <span class='ocrx_word' id='word_1_2' title='bbox 702 384 793 440; x_wconf 82' lang='lat' dir='ltr'>libor</span> <span class='ocrx_word' id='word_1_3' title='bbox 810 385 904 442; x_wconf 71' lang='lat' dir='ltr'>rma</span> <span class='ocrx_word' id='word_1_4' title='bbox 1175 387 1247 462; x_wconf 57' lang='grc'>249,</span> 
     </span>
    </p>
   </div>
   <div class='ocr_carea' id='block_1_2' title="bbox 74 575 1244 1679">
    <p class='ocr_par' dir='ltr' id='par_1_2' title="bbox 86 575 1244 1490">
     <span class='ocr_line' id='line_1_2' title="bbox 110 575 1243 662; baseline 0.004 -20"><span class='ocrx_word' id='word_1_5' title='bbox 110 577 178 643; x_wconf 88' lang='lat' dir='ltr'>suis</span> <span class='ocrx_word' id='word_1_6' title='bbox 201 577 270 642; x_wconf 87' lang='lat' dir='ltr'>iura</span> <span class='ocrx_word' id='word_1_7' title='bbox 291 575 530 642; x_wconf 76' lang='lat' dir='ltr'>necessitatium</span> <span class='ocrx_word' id='word_1_8' title='bbox 549 577 756 643; x_wconf 82' lang='lat' dir='ltr'>incrementis</span> <span class='ocrx_word' id='word_1_9' title='bbox 786 581 818 644; x_wconf 91' lang='lat' dir='ltr'>et</span> <span class='ocrx_word' id='word_1_10' title='bbox 846 577 1025 644; x_wconf 82' lang='lat' dir='ltr'>accessione</span> <span class='ocrx_word' id='word_1_11' title='bbox 1044 577 1116 660; x_wconf 82' lang='lat' dir='ltr'>piae</span> <span class='ocrx_word' id='word_1_12' title='bbox 1137 577 1243 662; x_wconf 66' lang='lat' dir='ltr'>diani-</span> 
     </span>
     <span class='ocr_line' id='line_1_3' title="bbox 109 679 1244 766; baseline 0 -18"><span class='ocrx_word' id='word_1_13' title='bbox 109 681 187 748; x_wconf 89' lang='lat' dir='ltr'>tatis</span> <span class='ocrx_word' id='word_1_14' title='bbox 221 683 253 745; x_wconf 89' lang='lat' dir='ltr'>et</span> <span class='ocrx_word' id='word_1_15' title='bbox 281 681 404 764; x_wconf 81' lang='lat' dir='ltr'>generis</span> <span class='ocrx_word' id='word_1_16' title='bbox 430 681 463 745; x_wconf 91' lang='lat' dir='ltr'>et</span> <span class='ocrx_word' id='word_1_17' title='bbox 489 679 676 764; x_wconf 68' lang='lat' dir='ltr'>diligentiae</span> <span class='ocrx_word' id='word_1_18' title='bbox 703 681 811 747; x_wconf 85' lang='lat' dir='ltr'>uincla</span> <span class='ocrx_word' id='word_1_19' title='bbox 837 681 994 747; x_wconf 79' lang='lat' dir='ltr'>dimoluii</span> <span class='ocrx_word' id='word_1_20' title='bbox 1037 699 1112 766; x_wconf 77' lang='lat' dir='ltr'>ergo</span> <span class='ocrx_word' id='word_1_21' title='bbox 1135 682 1244 750; x_wconf 84' lang='lat' dir='ltr'>decuit</span> 
     </span>
     <span class='ocr_line' id='line_1_4' title="bbox 108 783 1244 868; baseline 0.001 -16"><span class='ocrx_word' id='word_1_22' title='bbox 108 786 306 852; x_wconf 82' lang='lat' dir='ltr'>erectionem</span> <span class='ocrx_word' id='word_1_23' title='bbox 329 783 435 850; x_wconf 88' lang='lat' dir='ltr'>meriti</span> <span class='ocrx_word' id='word_1_24' title='bbox 457 785 555 850; x_wconf 72' lang='lat' dir='ltr'>nesti</span> <span class='ocrx_word' id='word_1_25' title='bbox 577 783 720 851; x_wconf 66' lang='lat' dir='ltr'>mantili</span> <span class='ocrx_word' id='word_1_26' title='bbox 737 783 818 850; x_wconf 82' lang='lat' dir='ltr'>milri</span> <span class='ocrx_word' id='word_1_27' title='bbox 832 801 901 850; x_wconf 86' lang='lat' dir='ltr'>ease</span> <span class='ocrx_word' id='word_1_28' title='bbox 914 803 1039 852; x_wconf 88' lang='lat' dir='ltr'>rumore</span> <span class='ocrx_word' id='word_1_29' title='bbox 1060 789 1244 868; x_wconf 81' lang='lat' dir='ltr'>conpertam</span> 
     </span>
     <span class='ocr_line' id='line_1_5' title="bbox 107 888 1243 973; baseline 0.001 -18"><span class='ocrx_word' id='word_1_30' title='bbox 107 891 141 955; x_wconf 88' lang='lat' dir='ltr'>et</span> <span class='ocrx_word' id='word_1_31' title='bbox 163 891 204 956; x_wconf 88' lang='lat' dir='ltr'>de</span> <span class='ocrx_word' id='word_1_32' title='bbox 227 889 444 955; x_wconf 86' lang='lat' dir='ltr'>communibus</span> <span class='ocrx_word' id='word_1_33' title='bbox 459 888 584 971; x_wconf 54' lang='lat' dir='ltr'>madiis</span> <span class='ocrx_word' id='word_1_34' title='bbox 606 888 708 954; x_wconf 86' lang='lat' dir='ltr'>adhuc</span> <span class='ocrx_word' id='word_1_35' title='bbox 723 889 859 971; x_wconf 86' lang='lat' dir='ltr'>pendero</span> <span class='ocrx_word' id='word_1_36' title='bbox 874 888 1020 973; x_wconf 87' lang='lat' dir='ltr'>opinione</span> <span class='ocrx_word' id='word_1_37' title='bbox 1035 889 1243 956; x_wconf 68' lang='lat' dir='ltr'>ouantem?</span> 
     </span>
     <span class='ocr_line' id='line_1_6' title="bbox 86 990 1242 1077; baseline 0.004 -24"><span class='ocrx_word' id='word_1_38' title='bbox 86 993 230 1059; x_wconf 79' lang='lat' dir='ltr'>selectus</span> <span class='ocrx_word' id='word_1_39' title='bbox 264 1011 345 1076; x_wconf 87' lang='lat' dir='ltr'>sum,</span> <span class='ocrx_word' id='word_1_40' title='bbox 380 990 432 1056; x_wconf 85' lang='lat' dir='ltr'>cui</span> <span class='ocrx_word' id='word_1_41' title='bbox 464 994 581 1057; x_wconf 84' lang='lat' dir='ltr'>bonurn</span> <span class='ocrx_word' id='word_1_42' title='bbox 610 993 756 1077; x_wconf 77' lang='lat' dir='ltr'>generale</span> <span class='ocrx_word' id='word_1_43' title='bbox 787 993 963 1071; x_wconf 82' lang='lat' dir='ltr'>taceretur,</span> <span class='ocrx_word' id='word_1_44' title='bbox 995 993 1034 1056; x_wconf 85' lang='lat' dir='ltr'>at</span> <span class='ocrx_word' id='word_1_45' title='bbox 1065 1009 1133 1056; x_wconf 76' lang='lat' dir='ltr'>ren</span> <span class='ocrx_word' id='word_1_46' title='bbox 1155 993 1242 1058; x_wconf 82' lang='lat' dir='ltr'>aurei</span> 
     </span>
     <span class='ocr_line' id='line_1_7' title="bbox 107 1093 1243 1177; baseline 0 -16"><span class='ocrx_word' id='word_1_47' title='bbox 107 1095 229 1162; x_wconf 86' lang='lat' dir='ltr'>saeculi</span> <span class='ocrx_word' id='word_1_48' title='bbox 244 1095 329 1162; x_wconf 90' lang='lat' dir='ltr'>solus</span> <span class='ocrx_word' id='word_1_49' title='bbox 343 1112 400 1177; x_wconf 91' lang='lat' dir='ltr'>pro</span> <span class='ocrx_word' id='word_1_50' title='bbox 418 1095 629 1161; x_wconf 86' lang='lat' dir='ltr'>eonscientiae</span> <span class='ocrx_word' id='word_1_51' title='bbox 643 1111 731 1162; x_wconf 89' lang='lat' dir='ltr'>meae</span> <span class='ocrx_word' id='word_1_52' title='bbox 745 1094 936 1161; x_wconf 70' lang='lat' dir='ltr'>obscuritate</span> <span class='ocrx_word' id='word_1_53' title='bbox 947 1093 1112 1161; x_wconf 76' lang='lat' dir='ltr'>neminem.</span> <span class='ocrx_word' id='word_1_54' title='bbox 1127 1094 1243 1162; x_wconf 85' lang='lat' dir='ltr'>nobilia</span> 
     </span>
     <span class='ocr_line' id='line_1_8' title="bbox 106 1196 1241 1283; baseline -0.002 -19"><span class='ocrx_word' id='word_1_55' title='bbox 106 1199 179 1264; x_wconf 88' lang='lat' dir='ltr'>nita</span> <span class='ocrx_word' id='word_1_56' title='bbox 209 1198 262 1264; x_wconf 89' lang='lat' dir='ltr'>uel</span> <span class='ocrx_word' id='word_1_57' title='bbox 289 1215 402 1283; x_wconf 84' lang='lat' dir='ltr'>genere</span> <span class='ocrx_word' id='word_1_58' title='bbox 428 1199 547 1281; x_wconf 86' lang='lat' dir='ltr'>apicem</span> <span class='ocrx_word' id='word_1_59' title='bbox 577 1196 782 1265; x_wconf 86' lang='lat' dir='ltr'>ecclesiastici</span> <span class='ocrx_word' id='word_1_60' title='bbox 811 1197 1110 1277; x_wconf 78' lang='lat' dir='ltr'>honorisascaudit</span> <span class='ocrx_word' id='word_1_61' title='bbox 1133 1202 1241 1266; x_wconf 82' lang='lat' dir='ltr'>etms</span> 
     </span>
     <span class='ocr_line' id='line_1_9' title="bbox 107 1299 1241 1388; baseline -0.002 -18"><span class='ocrx_word' id='word_1_62' title='bbox 107 1302 299 1388; x_wconf 70' lang='lat' dir='ltr'>dampnatur</span> <span class='ocrx_word' id='word_1_63' title='bbox 321 1300 475 1384; x_wconf 83' lang='lat' dir='ltr'>adioquio.</span> <span class='ocrx_word' id='word_1_64' title='bbox 498 1317 572 1366; x_wconf 87' lang='lat' dir='ltr'>uere</span> <span class='ocrx_word' id='word_1_65' title='bbox 593 1302 660 1368; x_wconf 84' lang='lat' dir='ltr'>tale</span> <span class='ocrx_word' id='word_1_66' title='bbox 682 1302 814 1380; x_wconf 70' lang='lat' dir='ltr'>motum,</span> <span class='ocrx_word' id='word_1_67' title='bbox 848 1305 906 1366; x_wconf 87' lang='lat' dir='ltr'>aut</span> <span class='ocrx_word' id='word_1_68' title='bbox 928 1299 1033 1367; x_wconf 89' lang='lat' dir='ltr'>studio</span> <span class='ocrx_word' id='word_1_69' title='bbox 1054 1303 1111 1367; x_wconf 91' lang='lat' dir='ltr'>aut</span> <span class='ocrx_word' id='word_1_70' title='bbox 1131 1300 1241 1384; x_wconf 79' lang='lat' dir='ltr'>negle-</span> 
     </span>
     <span class='ocr_line' id='line_1_10' title="bbox 107 1404 1242 1490; baseline 0.002 -20"><span class='ocrx_word' id='word_1_71' title='bbox 107 1405 219 1490; x_wconf 86' lang='lat' dir='ltr'>gentia</span> <span class='ocrx_word' id='word_1_72' title='bbox 240 1407 386 1483; x_wconf 79' lang='lat' dir='ltr'>cucurrit,</span> <span class='ocrx_word' id='word_1_73' title='bbox 411 1421 472 1470; x_wconf 89' lang='lat' dir='ltr'>nou</span> <span class='ocrx_word' id='word_1_74' title='bbox 495 1406 653 1487; x_wconf 85' lang='lat' dir='ltr'>probatur.</span> <span class='ocrx_word' id='word_1_75' title='bbox 685 1423 742 1489; x_wconf 82' lang='lat' dir='ltr'>ego</span> <span class='ocrx_word' id='word_1_76' title='bbox 764 1410 871 1472; x_wconf 67' lang='lat' dir='ltr'>mmen</span> <span class='ocrx_word' id='word_1_77' title='bbox 892 1404 1022 1471; x_wconf 84' lang='lat' dir='ltr'>seruitia</span> <span class='ocrx_word' id='word_1_78' title='bbox 1044 1405 1242 1472; x_wconf 68' lang='lat' dir='ltr'>mutatoria</span> 
     </span>
    </p>

    <p class='ocr_par' dir='ltr' id='par_1_3' title="bbox 74 1508 1240 1679">
     <span class='ocr_line' id='line_1_11' title="bbox 74 1508 1240 1593; baseline 0.006 -26"><span class='ocrx_word' id='word_1_79' title='bbox 74 1509 244 1592; x_wconf 77' lang='lat' dir='ltr'>rumpendo</span> <span class='ocrx_word' id='word_1_80' title='bbox 267 1510 300 1576; x_wconf 91' lang='lat' dir='ltr'>et</span> <span class='ocrx_word' id='word_1_81' title='bbox 313 1508 428 1575; x_wconf 87' lang='lat' dir='ltr'>Italica</span> <span class='ocrx_word' id='word_1_82' title='bbox 450 1509 666 1593; x_wconf 72' lang='lat' dir='ltr'>simplicitate,</span> <span class='ocrx_word' id='word_1_83' title='bbox 689 1510 771 1576; x_wconf 91' lang='lat' dir='ltr'>unde</span> <span class='ocrx_word' id='word_1_84' title='bbox 792 1510 961 1576; x_wconf 86' lang='lat' dir='ltr'>tristitiam</span> <span class='ocrx_word' id='word_1_85' title='bbox 976 1509 1149 1591; x_wconf 75' lang='lat' dir='ltr'>habuerim,</span> <span class='ocrx_word' id='word_1_86' title='bbox 1172 1508 1240 1574; x_wconf 90' lang='lat' dir='ltr'>sine</span> 
     </span>
     <span class='ocr_line' id='line_1_12' title="bbox 108 1611 558 1679; baseline -0.004 -1"><span class='ocrx_word' id='word_1_87' title='bbox 108 1611 360 1679; x_wconf 76' lang='lat' dir='ltr'>dissimulatione</span> <span class='ocrx_word' id='word_1_88' title='bbox 383 1611 558 1677; x_wconf 82' lang='lat' dir='ltr'>manifesto.</span> 
     </span>
    </p>
   </div>
   <div class='ocr_carea' id='block_1_3' title="bbox 603 1837 754 1904">
    <p class='ocr_par' dir='ltr' id='par_1_4' title="bbox 603 1837 754 1904">
     <span class='ocr_line' id='line_1_13' title="bbox 603 1837 754 1904; baseline -0.026 0"><span class='ocrx_word' id='word_1_89' title='bbox 603 1837 754 1904; x_wconf 86' lang='lat' dir='ltr'>XXVIII.</span> 
     </span>
    </p>
   </div>
   <div class='ocr_carea' id='block_1_4' title="bbox 498 1989 852 2048">
    <p class='ocr_par' dir='ltr' id='par_1_5' title="bbox 498 1989 852 2048">
     <span class='ocr_line' id='line_1_14' title="bbox 498 1989 852 2048; baseline 0.006 -4"><span class='ocrx_word' id='word_1_90' title='bbox 498 1989 682 2048; x_wconf 69' lang='lat' dir='ltr'>anatolia</span> <span class='ocrx_word' id='word_1_91' title='bbox 706 1989 852 2046; x_wconf 72' lang='lat' dir='ltr'>nanno,</span> 
     </span>
    </p>
   </div>
   <div class='ocr_carea' id='block_1_5' title="bbox 74 2111 1241 3331">
    <p class='ocr_par' dir='ltr' id='par_1_6' title="bbox 148 2111 1240 2198">
     <span class='ocr_line' id='line_1_15' title="bbox 148 2111 1240 2198; baseline 0 -21"><span class='ocrx_word' id='word_1_92' title='bbox 148 2111 280 2178; x_wconf 88' lang='lat' dir='ltr'>Duriter</span> <span class='ocrx_word' id='word_1_93' title='bbox 294 2111 432 2178; x_wconf 88' lang='lat' dir='ltr'>officium</span> <span class='ocrx_word' id='word_1_94' title='bbox 449 2111 615 2198; x_wconf 85' lang='lat' dir='ltr'>gestientis</span> <span class='ocrx_word' id='word_1_95' title='bbox 632 2114 731 2180; x_wconf 91' lang='lat' dir='ltr'>animi</span> <span class='ocrx_word' id='word_1_96' title='bbox 746 2114 786 2179; x_wconf 87' lang='lat' dir='ltr'>ad</span> <span class='ocrx_word' id='word_1_97' title='bbox 798 2115 981 2180; x_wconf 83' lang='lat' dir='ltr'>memoriam</span> <span class='ocrx_word' id='word_1_98' title='bbox 995 2113 1137 2180; x_wconf 87' lang='lat' dir='ltr'>tristium</span> <span class='ocrx_word' id='word_1_99' title='bbox 1152 2131 1240 2178; x_wconf 89' lang='lat' dir='ltr'>mens</span> 
     </span>
    </p>

    <p class='ocr_par' dir='ltr' id='par_1_7' title="bbox 74 2215 1241 3331">
     <span class='ocr_line' id='line_1_16' title="bbox 74 2215 1240 2302; baseline 0.003 -25"><span class='ocrx_word' id='word_1_100' title='bbox 74 2237 98 2278; x_wconf 75' lang='lat' dir='ltr'>rs</span> <span class='ocrx_word' id='word_1_101' title='bbox 108 2215 322 2282; x_wconf 86' lang='lat' dir='ltr'>recordatione</span> <span class='ocrx_word' id='word_1_102' title='bbox 354 2215 546 2284; x_wconf 87' lang='lat' dir='ltr'>stimulanda</span> <span class='ocrx_word' id='word_1_103' title='bbox 582 2217 754 2284; x_wconf 89' lang='lat' dir='ltr'>reuocauit.</span> <span class='ocrx_word' id='word_1_104' title='bbox 798 2237 871 2283; x_wconf 89' lang='lat' dir='ltr'>nam</span> <span class='ocrx_word' id='word_1_105' title='bbox 908 2236 1032 2302; x_wconf 86' lang='lat' dir='ltr'>semper</span> <span class='ocrx_word' id='word_1_106' title='bbox 1067 2216 1240 2282; x_wconf 89' lang='lat' dir='ltr'>remedium</span> 
     </span>
     <span class='ocr_line' id='line_1_17' title="bbox 110 2320 1238 2406; baseline 0 -22"><span class='ocrx_word' id='word_1_107' title='bbox 110 2320 227 2386; x_wconf 88' lang='lat' dir='ltr'>doloris</span> <span class='ocrx_word' id='word_1_108' title='bbox 250 2320 363 2386; x_wconf 90' lang='lat' dir='ltr'>obliuio</span> <span class='ocrx_word' id='word_1_109' title='bbox 387 2322 443 2403; x_wconf 89' lang='lat' dir='ltr'>est,</span> <span class='ocrx_word' id='word_1_110' title='bbox 467 2321 540 2404; x_wconf 90' lang='lat' dir='ltr'>quia</span> <span class='ocrx_word' id='word_1_111' title='bbox 562 2321 644 2403; x_wconf 90' lang='lat' dir='ltr'>quod</span> <span class='ocrx_word' id='word_1_112' title='bbox 667 2321 788 2388; x_wconf 86' lang='lat' dir='ltr'>ratione</span> <span class='ocrx_word' id='word_1_113' title='bbox 803 2336 866 2389; x_wconf 91' lang='lat' dir='ltr'>non</span> <span class='ocrx_word' id='word_1_114' title='bbox 881 2338 1045 2406; x_wconf 88' lang='lat' dir='ltr'>possumus</span> <span class='ocrx_word' id='word_1_115' title='bbox 1059 2321 1238 2404; x_wconf 89' lang='lat' dir='ltr'>temporum</span> 
     </span>
     <span class='ocr_line' id='line_1_18' title="bbox 109 2421 1240 2508; baseline -0.001 -19"><span class='ocrx_word' id='word_1_116' title='bbox 109 2421 292 2507; x_wconf 81' lang='lat' dir='ltr'>prolixitate</span> <span class='ocrx_word' id='word_1_117' title='bbox 313 2423 490 2508; x_wconf 87' lang='lat' dir='ltr'>sepelimus.</span> <span class='ocrx_word' id='word_1_118' title='bbox 515 2421 592 2490; x_wconf 91' lang='lat' dir='ltr'>bene</span> <span class='ocrx_word' id='word_1_119' title='bbox 616 2423 673 2502; x_wconf 91' lang='lat' dir='ltr'>est,</span> <span class='ocrx_word' id='word_1_120' title='bbox 696 2425 771 2507; x_wconf 90' lang='lat' dir='ltr'>quia</span> <span class='ocrx_word' id='word_1_121' title='bbox 794 2423 1003 2489; x_wconf 85' lang='lat' dir='ltr'>diuturnitate</span> <span class='ocrx_word' id='word_1_122' title='bbox 1027 2425 1161 2490; x_wconf 83' lang='lat' dir='ltr'>senescit</span> <span class='ocrx_word' id='word_1_123' title='bbox 1183 2423 1240 2488; x_wconf 87' lang='lat' dir='ltr'>ad·</span> 
     </span>
     <span class='ocr_line' id='line_1_19' title="bbox 109 2523 1241 2610; baseline 0 -20"><span class='ocrx_word' id='word_1_124' title='bbox 109 2523 207 2590; x_wconf 87' lang='lat' dir='ltr'>flictio</span> <span class='ocrx_word' id='word_1_125' title='bbox 231 2528 263 2589; x_wconf 89' lang='lat' dir='ltr'>et</span> <span class='ocrx_word' id='word_1_126' title='bbox 284 2526 394 2610; x_wconf 86' lang='lat' dir='ltr'>magni</span> <span class='ocrx_word' id='word_1_127' title='bbox 416 2525 530 2591; x_wconf 88' lang='lat' dir='ltr'>doloris</span> <span class='ocrx_word' id='word_1_128' title='bbox 554 2527 721 2592; x_wconf 88' lang='lat' dir='ltr'>consolatio</span> <span class='ocrx_word' id='word_1_129' title='bbox 754 2523 846 2592; x_wconf 90' lang='lat' dir='ltr'>citius</span> <span class='ocrx_word' id='word_1_130' title='bbox 868 2543 922 2608; x_wconf 89' lang='lat' dir='ltr'>per</span> <span class='ocrx_word' id='word_1_131' title='bbox 944 2525 1107 2591; x_wconf 88' lang='lat' dir='ltr'>silentium</span> <span class='ocrx_word' id='word_1_132' title='bbox 1129 2542 1241 2608; x_wconf 90' lang='lat' dir='ltr'>procu-</span> 
     </span>
     <span class='ocr_line' id='line_1_20' title="bbox 107 2627 1241 2714; baseline 0.001 -21"><span class='ocrx_word' id='word_1_133' title='bbox 107 2631 205 2694; x_wconf 85' lang='lat' dir='ltr'>ratur.</span> <span class='ocrx_word' id='word_1_134' title='bbox 230 2646 303 2693; x_wconf 87' lang='lat' dir='ltr'>nam</span> <span class='ocrx_word' id='word_1_135' title='bbox 325 2631 357 2693; x_wconf 94' lang='lat' dir='ltr'>in</span> <span class='ocrx_word' id='word_1_136' title='bbox 378 2627 555 2695; x_wconf 90' lang='lat' dir='ltr'>huiusmodi</span> <span class='ocrx_word' id='word_1_137' title='bbox 577 2629 712 2714; x_wconf 83' lang='lat' dir='ltr'>negotiis</span> <span class='ocrx_word' id='word_1_138' title='bbox 734 2631 806 2713; x_wconf 91' lang='lat' dir='ltr'>plus</span> <span class='ocrx_word' id='word_1_139' title='bbox 828 2628 934 2712; x_wconf 81' lang='lat' dir='ltr'>agitur</span> <span class='ocrx_word' id='word_1_140' title='bbox 957 2629 1003 2694; x_wconf 91' lang='lat' dir='ltr'>nil</span> <span class='ocrx_word' id='word_1_141' title='bbox 1025 2627 1155 2710; x_wconf 81' lang='lat' dir='ltr'>agendo.</span> <span class='ocrx_word' id='word_1_142' title='bbox 1186 2629 1241 2694; x_wconf 85' lang='lat' dir='ltr'>sed</span> 
     </span>
     <span class='ocr_line' id='line_1_21' title="bbox 74 2727 1240 2814; baseline 0.002 -21"><span class='ocrx_word' id='word_1_143' title='bbox 74 2731 182 2813; x_wconf 79' lang='lat' dir='ltr'>aquid</span> <span class='ocrx_word' id='word_1_144' title='bbox 206 2727 295 2812; x_wconf 87' lang='lat' dir='ltr'>lacio,</span> <span class='ocrx_word' id='word_1_145' title='bbox 320 2730 393 2814; x_wconf 87' lang='lat' dir='ltr'>qaia</span> <span class='ocrx_word' id='word_1_146' title='bbox 415 2731 561 2814; x_wconf 87' lang='lat' dir='ltr'>epistolae</span> <span class='ocrx_word' id='word_1_147' title='bbox 583 2735 706 2796; x_wconf 88' lang='lat' dir='ltr'>nestrae</span> <span class='ocrx_word' id='word_1_148' title='bbox 724 2729 819 2797; x_wconf 88' lang='lat' dir='ltr'>lectio</span> <span class='ocrx_word' id='word_1_149' title='bbox 834 2734 897 2796; x_wconf 89' lang='lat' dir='ltr'>iam</span> <span class='ocrx_word' id='word_1_150' title='bbox 912 2730 1067 2795; x_wconf 89' lang='lat' dir='ltr'>obductae</span> <span class='ocrx_word' id='word_1_151' title='bbox 1082 2729 1240 2796; x_wconf 88' lang='lat' dir='ltr'>cicatricis</span> 
     </span>
     <span class='ocr_line' id='line_1_22' title="bbox 108 2832 1240 2918; baseline -0.001 -19"><span class='ocrx_word' id='word_1_152' title='bbox 108 2833 284 2917; x_wconf 86' lang='lat' dir='ltr'>penetralia</span> <span class='ocrx_word' id='word_1_153' title='bbox 306 2833 456 2899; x_wconf 81' lang='lat' dir='ltr'>rescindit</span> <span class='ocrx_word' id='word_1_154' title='bbox 474 2834 506 2900; x_wconf 88' lang='lat' dir='ltr'>et</span> <span class='ocrx_word' id='word_1_155' title='bbox 521 2835 678 2918; x_wconf 85' lang='lat' dir='ltr'>sepultam</span> <span class='ocrx_word' id='word_1_156' title='bbox 693 2835 844 2900; x_wconf 83' lang='lat' dir='ltr'>immaturi</span> <span class='ocrx_word' id='word_1_157' title='bbox 859 2832 978 2899; x_wconf 88' lang='lat' dir='ltr'>funeris</span> <span class='ocrx_word' id='word_1_158' title='bbox 993 2833 1240 2899; x_wconf 86' lang='lat' dir='ltr'>recordationem</span> 
     </span>
     <span class='ocr_line' id='line_1_23' title="bbox 106 2936 1241 3020; baseline 0 -18"><span class='ocrx_word' id='word_1_159' title='bbox 106 2956 215 3004; x_wconf 87' lang='lat' dir='ltr'>amara</span> <span class='ocrx_word' id='word_1_160' title='bbox 236 2939 319 3003; x_wconf 88' lang='lat' dir='ltr'>sorte</span> <span class='ocrx_word' id='word_1_161' title='bbox 341 2937 507 3004; x_wconf 82' lang='lat' dir='ltr'>uiuilicati</span> <span class='ocrx_word' id='word_1_162' title='bbox 529 2954 601 3019; x_wconf 85' lang='lat' dir='ltr'>ergo</span> <span class='ocrx_word' id='word_1_163' title='bbox 627 2953 684 3020; x_wconf 87' lang='lat' dir='ltr'>ego</span> <span class='ocrx_word' id='word_1_164' title='bbox 708 2938 867 3002; x_wconf 87' lang='lat' dir='ltr'>communi</span> <span class='ocrx_word' id='word_1_165' title='bbox 887 2936 980 3002; x_wconf 83' lang='lat' dir='ltr'>fratri</span> <span class='ocrx_word' id='word_1_166' title='bbox 994 2937 1241 3002; x_wconf 85' lang='lat' dir='ltr'>consolationem</span> 
     </span>
     <span class='ocr_line' id='line_1_24' title="bbox 107 3037 1239 3124; baseline -0.001 -19"><span class='ocrx_word' id='word_1_167' title='bbox 107 3043 178 3106; x_wconf 90' lang='lat' dir='ltr'>dare</span> <span class='ocrx_word' id='word_1_168' title='bbox 203 3042 355 3123; x_wconf 84' lang='lat' dir='ltr'>poteram,</span> <span class='ocrx_word' id='word_1_169' title='bbox 378 3058 460 3120; x_wconf 88' lang='lat' dir='ltr'>oum,</span> <span class='ocrx_word' id='word_1_170' title='bbox 490 3041 517 3106; x_wconf 91' lang='lat' dir='ltr'>si</span> <span class='ocrx_word' id='word_1_171' title='bbox 547 3041 620 3124; x_wconf 80' lang='lat' dir='ltr'>quiid</span> <span class='ocrx_word' id='word_1_172' title='bbox 642 3037 848 3106; x_wconf 88' lang='lat' dir='ltr'>humanitatis</span> <span class='ocrx_word' id='word_1_173' title='bbox 871 3039 905 3104; x_wconf 91' lang='lat' dir='ltr'>in</span> <span class='ocrx_word' id='word_1_174' title='bbox 927 3059 977 3104; x_wconf 91' lang='lat' dir='ltr'>me</span> <span class='ocrx_word' id='word_1_175' title='bbox 999 3056 1068 3105; x_wconf 90' lang='lat' dir='ltr'>esse</span> <span class='ocrx_word' id='word_1_176' title='bbox 1091 3039 1239 3120; x_wconf 86' lang='lat' dir='ltr'>creditur,</span> 
     </span>
     <span class='ocr_line' id='line_1_25' title="bbox 107 3143 1239 3232; baseline -0.002 -22"><span class='ocrx_word' id='word_1_177' title='bbox 107 3147 150 3210; x_wconf 83' lang='lat' dir='ltr'>sio</span> <span class='ocrx_word' id='word_1_178' title='bbox 172 3143 332 3232; x_wconf 78' lang='lat' dir='ltr'>dolerem?</span> <span class='ocrx_word' id='word_1_179' title='bbox 355 3148 410 3210; x_wconf 91' lang='lat' dir='ltr'>aut</span> <span class='ocrx_word' id='word_1_180' title='bbox 432 3161 583 3228; x_wconf 87' lang='lat' dir='ltr'>umquam</span> <span class='ocrx_word' id='word_1_181' title='bbox 604 3143 680 3210; x_wconf 87' lang='lat' dir='ltr'>flens</span> <span class='ocrx_word' id='word_1_182' title='bbox 703 3143 824 3227; x_wconf 82' lang='lat' dir='ltr'>placuit</span> <span class='ocrx_word' id='word_1_183' title='bbox 855 3143 1052 3214; x_wconf 80' lang='lat' dir='ltr'>consolatori</span> <span class='ocrx_word' id='word_1_184' title='bbox 1090 3161 1163 3229; x_wconf 73' lang='lat' dir='ltr'>ergo</span> <span class='ocrx_word' id='word_1_185' title='bbox 1185 3161 1239 3208; x_wconf 86' lang='lat' dir='ltr'>er·</span> 
     </span>
     <span class='ocr_line' id='line_1_26' title="bbox 75 3245 1240 3331; baseline 0.001 -16"><span class='ocrx_word' id='word_1_186' title='bbox 75 3250 251 3330; x_wconf 80' lang='lat' dir='ltr'>asportatur</span> <span class='ocrx_word' id='word_1_187' title='bbox 281 3249 432 3316; x_wconf 86' lang='lat' dir='ltr'>medicina</span> <span class='ocrx_word' id='word_1_188' title='bbox 459 3246 702 3320; x_wconf 81' lang='lat' dir='ltr'>demorbidisl</span> <span class='ocrx_word' id='word_1_189' title='bbox 747 3266 808 3312; x_wconf 91' lang='lat' dir='ltr'>nou</span> <span class='ocrx_word' id='word_1_190' title='bbox 839 3245 877 3313; x_wconf 92' lang='lat' dir='ltr'>de</span> <span class='ocrx_word' id='word_1_191' title='bbox 904 3266 970 3326; x_wconf 82' lang='lat' dir='ltr'>me,</span> <span class='ocrx_word' id='word_1_192' title='bbox 992 3249 1104 3324; x_wconf 84' lang='lat' dir='ltr'>domne</span> <span class='ocrx_word' id='word_1_193' title='bbox 1127 3248 1240 3331; x_wconf 63' lang='lat' dir='ltr'>agapi,</span> 
     </span>
    </p>
   </div>
   <div class='ocr_carea' id='block_1_6' title="bbox 108 3503 1241 3750">
    <p class='ocr_par' dir='ltr' id='par_1_8' title="bbox 108 3503 1241 3750">
     <span class='ocr_line' id='line_1_27' title="bbox 158 3503 1240 3596; baseline -0.002 -19"><span class='ocrx_word' id='word_1_194' title='bbox 158 3525 174 3577; x_wconf 90' lang='lat'>1</span> <span class='ocrx_word' id='word_1_195' title='bbox 192 3503 345 3576; x_wconf 65' lang='lat' dir='ltr'>mecerin</span> <span class='ocrx_word' id='word_1_196' title='bbox 363 3520 391 3575; x_wconf 82' lang='lat' dir='ltr'>a</span> <span class='ocrx_word' id='word_1_197' title='bbox 484 3521 642 3578; x_wconf 69' lang='lat' dir='ltr'>erutum</span> <span class='ocrx_word' id='word_1_198' title='bbox 662 3521 750 3588; x_wconf 74' lang='lat' dir='ltr'>nmo,</span> <span class='ocrx_word' id='word_1_199' title='bbox 776 3521 934 3576; x_wconf 69' lang='lat' dir='ltr'>maurium</span> <span class='ocrx_word' id='word_1_200' title='bbox 951 3521 1076 3577; x_wconf 71' lang='lat' dir='ltr'>arma</span> <span class='ocrx_word' id='word_1_201' title='bbox 1159 3521 1177 3575; x_wconf 85' lang='lat' dir='ltr'>e</span> <span class='ocrx_word' id='word_1_202' title='bbox 1195 3523 1240 3596; x_wconf 72' lang='lat' dir='ltr'>oo</span> 
     </span>
     <span class='ocr_line' id='line_1_28' title="bbox 110 3606 1241 3676; baseline -0.004 -12"><span class='ocrx_word' id='word_1_203' title='bbox 110 3607 300 3664; x_wconf 65' lang='lat' dir='ltr'>mummteL</span> <span class='ocrx_word' id='word_1_204' title='bbox 398 3607 486 3676; x_wconf 77' lang='lat' dir='ltr'>isael]</span> <span class='ocrx_word' id='word_1_205' title='bbox 506 3613 533 3661; x_wconf 90' lang='lat' dir='ltr'>ot</span> <span class='ocrx_word' id='word_1_206' title='bbox 551 3608 620 3662; x_wconf 83' lang='lat' dir='ltr'>Pet</span> <span class='ocrx_word' id='word_1_207' title='bbox 639 3606 721 3662; x_wconf 70' lang='lat' dir='ltr'>Sino.</span> <span class='ocrx_word' id='word_1_208' title='bbox 810 3607 1002 3663; x_wconf 77' lang='lat' dir='ltr'>aeodesiastici</span> <span class='ocrx_word' id='word_1_209' title='bbox 1020 3607 1048 3662; x_wconf 88' lang='grc' dir='ltr'><strong><em>Β</em></strong></span> <span class='ocrx_word' id='word_1_210' title='bbox 1144 3607 1241 3662; x_wconf 70' lang='lat' dir='ltr'>oenc</span> 
     </span>
     <span class='ocr_line' id='line_1_29' title="bbox 108 3692 969 3750; baseline 0 -1"><span class='ocrx_word' id='word_1_211' title='bbox 108 3697 185 3750; x_wconf 83' lang='lat' dir='ltr'>neret</span> <span class='ocrx_word' id='word_1_212' title='bbox 203 3693 231 3749; x_wconf 89' lang='grc' dir='ltr'><strong><em>Β</em></strong></span> <span class='ocrx_word' id='word_1_213' title='bbox 965 3692 969 3702; x_wconf 82' lang='grc'><strong>“</strong></span> 
     </span>
    </p>
   </div>
   <div class='ocr_carea' id='block_1_7' title="bbox 108 3797 1242 4402">
    <p class='ocr_par' dir='ltr' id='par_1_9' title="bbox 108 3797 1242 4402">
     <span class='ocr_line' id='line_1_30' title="bbox 158 3797 1175 3872; baseline 0 -18"><span class='ocrx_word' id='word_1_214' title='bbox 158 3799 288 3856; x_wconf 84' lang='lat' dir='ltr'>XXVIII</span> <span class='ocrx_word' id='word_1_215' title='bbox 320 3799 353 3854; x_wconf 85' lang='lat'>13</span> <span class='ocrx_word' id='word_1_216' title='bbox 367 3798 477 3870; x_wconf 77' lang='lat' dir='ltr'>agapito</span> <span class='ocrx_word' id='word_1_217' title='bbox 490 3799 525 3872; x_wconf 89' lang='lat' dir='ltr'>L,</span> <span class='ocrx_word' id='word_1_218' title='bbox 548 3801 658 3872; x_wconf 76' lang='lat' dir='ltr'>agapito</span> <span class='ocrx_word' id='word_1_219' title='bbox 669 3801 701 3854; x_wconf 79' lang='lat' dir='ltr'>ia</span> <span class='ocrx_word' id='word_1_220' title='bbox 713 3800 810 3869; x_wconf 73' lang='lat' dir='ltr'>agapio</span> <span class='ocrx_word' id='word_1_221' title='bbox 828 3798 855 3853; x_wconf 88' lang='lat' dir='ltr'><strong><em>V</em></strong></span> <span class='ocrx_word' id='word_1_222' title='bbox 864 3815 935 3855; x_wconf 84' lang='lat' dir='ltr'>corr.</span> <span class='ocrx_word' id='word_1_223' title='bbox 948 3816 982 3853; x_wconf 85' lang='lat' dir='ltr'>m.</span> <span class='ocrx_word' id='word_1_224' title='bbox 995 3803 1019 3864; x_wconf 86' lang='lat'>1,</span> <span class='ocrx_word' id='word_1_225' title='bbox 1043 3797 1133 3857; x_wconf 79' lang='lat' dir='ltr'>fausto</span> <span class='ocrx_word' id='word_1_226' title='bbox 1149 3797 1175 3854; x_wconf 81' lang='lat' dir='ltr'><em>T</em></span> 
     </span>
     <span class='ocr_line' id='line_1_31' title="bbox 111 3883 1240 3956; baseline -0.003 -15"><span class='ocrx_word' id='word_1_227' title='bbox 111 3887 142 3942; x_wconf 86' lang='grc'>16</span> <span class='ocrx_word' id='word_1_228' title='bbox 168 3885 271 3940; x_wconf 90' lang='lat' dir='ltr'>obliuio</span> <span class='ocrx_word' id='word_1_229' title='bbox 295 3885 396 3939; x_wconf 88' lang='lat' dir='ltr'>doloris</span> <span class='ocrx_word' id='word_1_230' title='bbox 423 3883 501 3952; x_wconf 76' lang='lat' dir='ltr'>m,</span> <span class='ocrx_word' id='word_1_231' title='bbox 528 3884 724 3942; x_wconf 62' lang='lat' dir='ltr'>obliuiuoloris</span> <span class='ocrx_word' id='word_1_232' title='bbox 749 3885 776 3940; x_wconf 96' lang='lat' dir='ltr'><strong><em>L</em></strong></span> <span class='ocrx_word' id='word_1_233' title='bbox 880 3885 913 3941; x_wconf 70' lang='lat'>17</span> <span class='ocrx_word' id='word_1_234' title='bbox 940 3883 1071 3956; x_wconf 66' lang='lat' dir='ltr'>sepelism&#39;</span> <span class='ocrx_word' id='word_1_235' title='bbox 1092 3883 1143 3952; x_wconf 75' lang='lat' dir='ltr'>(ai</span> <span class='ocrx_word' id='word_1_236' title='bbox 1160 3889 1240 3950; x_wconf 75' lang='lat' dir='ltr'>caua)</span> 
     </span>
     <span class='ocr_line' id='line_1_32' title="bbox 109 3961 1242 4043; baseline -0.004 -13"><span class='ocrx_word' id='word_1_237' title='bbox 109 3975 148 4042; x_wconf 84' lang='lat' dir='ltr'>L,</span> <span class='ocrx_word' id='word_1_238' title='bbox 174 3973 306 4043; x_wconf 79' lang='lat' dir='ltr'>aeptImus</span> <span class='ocrx_word' id='word_1_239' title='bbox 330 3974 362 4027; x_wconf 77' lang='lat' dir='ltr'>ic</span> <span class='ocrx_word' id='word_1_240' title='bbox 378 3966 521 4042; x_wconf 84' lang='lat' dir='ltr'>sepelimus</span> <span class='ocrx_word' id='word_1_241' title='bbox 545 3973 572 4028; x_wconf 87' lang='lat' dir='ltr'><strong><em>V</em></strong></span> <span class='ocrx_word' id='word_1_242' title='bbox 589 3989 661 4029; x_wconf 83' lang='lat' dir='ltr'>corr.</span> <span class='ocrx_word' id='word_1_243' title='bbox 679 3961 752 4030; x_wconf 63' lang='lat' dir='ltr'>nal</span> <span class='ocrx_word' id='word_1_244' title='bbox 855 3972 968 4027; x_wconf 88' lang='lat' dir='ltr'>senisoat</span> <span class='ocrx_word' id='word_1_245' title='bbox 991 3973 1020 4026; x_wconf 89' lang='grc' dir='ltr'><strong><em>Β</em></strong></span> <span class='ocrx_word' id='word_1_246' title='bbox 1124 3972 1242 4026; x_wconf 67' lang='grc'><strong>181011-</strong></span> 
     </span>
     <span class='ocr_line' id='line_1_33' title="bbox 108 4057 1242 4130; baseline -0.004 -15"><span class='ocrx_word' id='word_1_247' title='bbox 108 4061 205 4115; x_wconf 80' lang='lat' dir='ltr'>sulatio</span> <span class='ocrx_word' id='word_1_248' title='bbox 223 4059 266 4128; x_wconf 85' lang='grc' dir='ltr'>Β,</span> <span class='ocrx_word' id='word_1_249' title='bbox 291 4059 430 4114; x_wconf 62' lang='lat' dir='ltr'>consolatio</span> <span class='ocrx_word' id='word_1_250' title='bbox 449 4059 476 4114; x_wconf 95' lang='lat' dir='ltr'><strong><em>L</em></strong></span> <span class='ocrx_word' id='word_1_251' title='bbox 565 4058 659 4130; x_wconf 86' lang='lat' dir='ltr'>citius]</span> <span class='ocrx_word' id='word_1_252' title='bbox 677 4061 753 4114; x_wconf 87' lang='lat' dir='ltr'>cuius</span> <span class='ocrx_word' id='word_1_253' title='bbox 771 4059 795 4124; x_wconf 82' lang='lat' dir='ltr'>b,</span> <span class='ocrx_word' id='word_1_254' title='bbox 822 4074 873 4114; x_wconf 79' lang='lat' dir='ltr'>ona</span> <span class='ocrx_word' id='word_1_255' title='bbox 891 4057 972 4113; x_wconf 69' lang='lat' dir='ltr'>Siloa</span> <span class='ocrx_word' id='word_1_256' title='bbox 1071 4057 1105 4112; x_wconf 78' lang='lat' dir='ltr'>lt</span> <span class='ocrx_word' id='word_1_257' title='bbox 1122 4057 1242 4126; x_wconf 72' lang='lat' dir='ltr'>negociis</span> 
     </span>
     <span class='ocr_line' id='line_1_34' title="bbox 108 4141 1240 4211; baseline 0.001 -13"><span class='ocrx_word' id='word_1_258' title='bbox 108 4145 136 4198; x_wconf 89' lang='grc' dir='ltr'><strong><em>Β</em></strong></span> <span class='ocrx_word' id='word_1_259' title='bbox 221 4143 257 4199; x_wconf 72' lang='grc'>20</span> <span class='ocrx_word' id='word_1_260' title='bbox 272 4148 381 4199; x_wconf 87' lang='lat' dir='ltr'>nostrae</span> <span class='ocrx_word' id='word_1_261' title='bbox 398 4145 414 4200; x_wconf 83' lang='lat' dir='ltr'>t</span> <span class='ocrx_word' id='word_1_262' title='bbox 431 4149 458 4199; x_wconf 86' lang='lat' dir='ltr'>et</span> <span class='ocrx_word' id='word_1_263' title='bbox 475 4145 556 4200; x_wconf 72' lang='lat' dir='ltr'>Sirra.</span> <span class='ocrx_word' id='word_1_264' title='bbox 644 4145 761 4200; x_wconf 83' lang='lat' dir='ltr'>obducta</span> <span class='ocrx_word' id='word_1_265' title='bbox 779 4143 860 4200; x_wconf 64' lang='lat' dir='ltr'>aas</span> <span class='ocrx_word' id='word_1_266' title='bbox 951 4144 985 4199; x_wconf 75' lang='grc'>21</span> <span class='ocrx_word' id='word_1_267' title='bbox 1003 4143 1134 4198; x_wconf 84' lang='lat' dir='ltr'>rescindit</span> <span class='ocrx_word' id='word_1_268' title='bbox 1152 4141 1240 4211; x_wconf 67' lang='lat' dir='ltr'>wo,</span> 
     </span>
     <span class='ocr_line' id='line_1_35' title="bbox 108 4228 1242 4300; baseline -0.001 -15"><span class='ocrx_word' id='word_1_269' title='bbox 108 4229 239 4285; x_wconf 80' lang='lat' dir='ltr'>rescindat</span> <span class='ocrx_word' id='word_1_270' title='bbox 257 4231 301 4300; x_wconf 71' lang='lat' dir='ltr'>P,</span> <span class='ocrx_word' id='word_1_271' title='bbox 329 4229 481 4286; x_wconf 74' lang='lat' dir='ltr'>mulctent</span> <span class='ocrx_word' id='word_1_272' title='bbox 498 4230 561 4296; x_wconf 89' lang='lat' dir='ltr'>LV,</span> <span class='ocrx_word' id='word_1_273' title='bbox 588 4231 743 4288; x_wconf 82' lang='lat' dir='ltr'>rassendent</span> <span class='ocrx_word' id='word_1_274' title='bbox 760 4229 789 4285; x_wconf 91' lang='grc' dir='ltr'><strong><em>Β</em></strong></span> <span class='ocrx_word' id='word_1_275' title='bbox 891 4231 926 4287; x_wconf 73' lang='lat'>22</span> <span class='ocrx_word' id='word_1_276' title='bbox 943 4232 1033 4285; x_wconf 83' lang='lat' dir='ltr'>sertae</span> <span class='ocrx_word' id='word_1_277' title='bbox 1048 4228 1075 4283; x_wconf 92' lang='grc' dir='ltr'><strong><em>Β</em></strong></span> <span class='ocrx_word' id='word_1_278' title='bbox 1178 4247 1242 4286; x_wconf 84' lang='lat' dir='ltr'>ron·</span> 
     </span>
     <span class='ocr_line' id='line_1_36' title="bbox 109 4315 1199 4402; baseline -0.003 -30"><span class='ocrx_word' id='word_1_279' title='bbox 109 4318 266 4373; x_wconf 80' lang='lat' dir='ltr'>solationem</span> <span class='ocrx_word' id='word_1_280' title='bbox 285 4318 312 4372; x_wconf 92' lang='grc' dir='ltr'><strong><em>Β</em></strong></span> <span class='ocrx_word' id='word_1_281' title='bbox 398 4317 433 4372; x_wconf 83' lang='grc'>24</span> <span class='ocrx_word' id='word_1_282' title='bbox 450 4331 589 4402; x_wconf 75' lang='lat' dir='ltr'>nunqnam</span> <span class='ocrx_word' id='word_1_283' title='bbox 610 4317 636 4371; x_wconf 80' lang='lat' dir='ltr'><em>T</em></span> <span class='ocrx_word' id='word_1_284' title='bbox 719 4315 840 4386; x_wconf 83' lang='lat' dir='ltr'>placauit</span> <span class='ocrx_word' id='word_1_285' title='bbox 855 4315 924 4383; x_wconf 73' lang='lat' dir='ltr'>fort.</span> <span class='ocrx_word' id='word_1_286' title='bbox 1008 4315 1044 4371; x_wconf 75' lang='lat'>25</span> <span class='ocrx_word' id='word_1_287' title='bbox 1061 4315 1154 4370; x_wconf 81' lang='lat' dir='ltr'>domui</span> <span class='ocrx_word' id='word_1_288' title='bbox 1171 4315 1199 4370; x_wconf 93' lang='grc' dir='ltr'><strong><em>Β</em></strong></span> 
     </span>
    </p>
   </div>
   <div class='ocr_carea' id='block_1_8' title="bbox 0 0 1472 4934">
    <p class='ocr_par' dir='ltr' id='par_1_10' title="bbox 0 0 1472 4934">
     <span class='ocr_line' id='line_1_37' title="bbox 0 0 1472 4934; baseline 0 2"><span class='ocrx_word' id='word_1_289' title='bbox 0 0 1472 4934; x_wconf 95' lang='lat' dir='ltr'> </span> 
     </span>
    </p>
   </div>
  </div>
 </body>
</html>
