2934 4934
260 374 324 440 370
617 372 731 443 Magni
750 373 877 428 Felicia
895 373 1029 430 linuodi

233 583 236 589 ⁴
258 562 325 630 lieri
347 564 465 646 potuit,
492 567 529 630 ut
556 565 638 648 quod
661 563 700 632 ad
722 566 828 649 ipsum
848 565 990 635 dolatum
1012 569 1062 632 eet
1082 583 1257 650 pauperum
1278 567 1391 633 miuus

258 664 501 734 subtraheretur.

300 785 369 852 Hoe
396 786 503 854 ordine
533 787 614 852 mira
642 787 800 854 eeleritate
828 788 1016 875 Lugdunum
1043 790 1204 873 ingressus
1233 792 1297 866 est,
1331 792 1389 858 ubi

258 889 416 957 Rustieius
443 893 520 956 tune
548 890 756 974 episeopalom
783 892 964 958 cathedram
988 891 1184 977 possidebat,
1214 893 1309 962 homo
1331 897 1389 979 qni

258 995 291 1059 et
312 993 345 1058 in
368 994 536 1060 saoeuloris
563 993 653 1060 tituli
679 994 943 1079 praefiguratione
971 997 1166 1064 saeerdotem
1189 1014 1312 1081 sempor
1333 1017 1424 1064 ens

258 1097 361 1163 hibuit
382 1101 415 1163 ot
436 1097 493 1163 suh
515 1097 674 1181 praetexta
695 1097 755 1163 fori
775 1097 1017 1182 gubermtorom
1031 1099 1130 1185 gessit
1144 1098 1309 1167 eoeleeiao:
1330 1101 1391 1185 qui

256 1201 345 1266 trans
370 1199 559 1266 Rhodanum
590 1199 723 1267 fluuium
753 1203 902 1268 aduentui
930 1201 1029 1284 ipsius
1061 1201 1215 1284 spiritalis
1247 1204 1391 1270 haume

257 1302 346 1385 eopia
372 1303 510 1386 repletus
538 1303 692 1382 oeourrit,
720 1321 847 1371 oaumm
869 1304 1107 1374 eommoatiouis
1129 1305 1276 1388 inquirit,
1305 1323 1390 1388 quae

211 1400 214 1406 ⁴
258 1407 360 1472 ament
373 1405 509 1472 astutiae
522 1406 606 1490 regis
623 1408 754 1473 edocuit
782 1427 876 1492 quem
890 1427 931 1474 ne
945 1408 1162 1493 inopinantem
1177 1407 1391 1474 ohieotiounm

258 1514 314 1576 aut
339 1509 549 1593 responsionis
577 1508 733 1576 calliditas
758 1511 931 1592 inueniret,
959 1511 1045 1578 intra
1066 1512 1227 1596 penetrale
1247 1513 1389 1596 pectoris
1400 1536 1423 1576 o

259 1611 464 1678 eemaminum
486 1631 518 1678 se
539 1613 715 1695 prolusione
748 1614 906 1682 firmabat
945 1633 1039 1698 quem
1069 1618 1236 1699 postquam
1257 1612 1390 1683 Gundo-

258 1715 357 1782 badus
385 1718 487 1780 terrae
513 1714 600 1780 illius
621 1715 766 1782 dominus
787 1718 907 1782 aemma
928 1717 1084 1802 musonii,
1113 1716 1194 1784 “ito’'
1217 1718 1324 1802 iuquit
1344 1721 1389 1784 ad

258 1835 329 1885 suos
366 1817 416 1884 “et
444 1817 549 1884 uidete
583 1817 743 1883 hominem
763 1835 855 1901 quem
887 1821 919 1883 et
945 1819 1068 1884 meritis
1097 1822 1130 1885 et
1151 1819 1243 1884 uultu
1263 1837 1392 1903 semper

258 1938 315 2003 ego
342 1920 492 1986 laurenti
524 1921 671 2004 martyris
703 1938 853 2003 personae
886 1921 1047 1987 ooniunxi:
1084 1923 1138 2005 qui
1171 1921 1293 2005 qnando
1329 1941 1391 1990 uos

257 2023 366 2090 uidere
388 2023 468 2090 uelit
489 2023 640 2106 inquirito
663 2025 695 2090 et
716 2041 789 2089 oum
810 2025 937 2090 iusserit
957 2024 1121 2090 innitete''.
1158 2043 1229 2091 mox
1248 2026 1288 2092 ad
1313 2045 1421 2092 eumn

258 2127 361 2193 omnis
384 2125 634 2194 Christianorum
663 2127 815 2210 principis
843 2127 1068 2194 adsistentium
1099 2129 1196 2196 turba
1224 2129 1391 2214 oonilurit,

259 2230 313 2314 qui
336 2229 458 2296 affatim
480 2229 685 2296 admiratione
708 2229 929 2313 sopiebantur,
952 2230 1034 2314 quod
1054 2231 1112 2297 illa
1132 2233 1182 2297 tot
1204 2231 1392 2316 linguarum
1444 2222 1445 2237 ¹

258 2332 344 2400 fama
372 2335 438 2398 hm
467 2331 619 2399 minorem
642 2333 831 2418 osirim,
861 2334 1005 2417 quamuis
1034 2338 1117 2400 esset
1145 2336 1267 2421 nupia,
1297 2351 1392 2400 mon·

259 2438 390 2515 enaret,
414 2436 464 2502 eui
485 2453 657 2519 numquam
679 2435 836 2502 suffioeret
857 2439 1044 2521 paupertate
1065 2456 1254 2516 sermonum,
1275 2456 1392 2520 quarn·

258 2542 307 2608 uie
341 2539 437 2608 ditior
469 2542 551 2608 iusto
584 2543 666 2607 esset
693 2543 727 2607 iu
754 2539 894 2623 reliquis.
931 2543 1120 2608 eonstitutus
1153 2559 1227 2624 ergo
1260 2541 1422 2610 uidendis

257 2662 362 2728 regem
392 2644 473 2710 dies:
497 2645 539 2710 ad
567 2662 659 2726 quem
689 2663 760 2710 eum
787 2645 945 2729 ingressus
975 2648 1040 2724 est,
1070 2645 1238 2729 salutauit,
1270 2648 1305 2710 et
1331 2663 1393 2710 sua

258 2748 381 2830 utrique
395 2747 516 2813 meiere
530 2747 640 2814 hetati
655 2751 739 2814 sunt.
761 2747 848 2814 dedit
861 2765 985 2814 summo
999 2749 1068 2814 uiro
1080 2748 1199 2814 Victori
1215 2747 1389 2827 lieentiarn,

257 2849 286 2917 si
315 2850 438 2919 iuberet
465 2852 545 2934 ipse,
583 2851 773 2934 prinoipium
800 2853 966 2937 legationis
994 2851 1105 2920 ordiri:
1139 2850 1193 2934 qni
1224 2850 1266 2916 ad
1296 2851 1391 2917 illum

258 2970 349 3020 omne
373 2957 491 3038 pondus
517 2954 651 3035 rettulit,
675 2957 711 3021 ut
736 2955 798 3022 init
822 2959 862 3023 ad
888 2956 1036 3024 euuotem
1060 2954 1276 3020 humilitatem
1298 2973 1390 3038 paru·

259 3055 410 3124 tissimus
1398 3083 1423 3124 rs

312 3329 433 3399 lipeum
454 3331 480 3385 T
492 3331 525 3386 to
541 3345 598 3387 roe.
693 3303 901 3388 umumue'tm
920 3332 947 3388 L
1040 3333 1192 3388 emericus
1209 3332 1389 3403 lugdunensis

259 3452 611 3523 domnorum.
716 3451 882 3522 qurum.
982 3418 1389 3540 emundamur·

261 3556 288 3612 T
386 3555 403 3610 6
429 3555 651 3625 gubernationem
679 3555 705 3610 T
728 3561 755 3611 et
780 3555 908 3614 &m
1011 3555 1027 3609 7
1052 3555 1184 3611 rodanum
1210 3554 1324 3612 BLTV

258 3657 414 3728 diuquiret
430 3658 459 3713 Β
562 3659 597 3714 10
612 3659 746 3728 penitrale
763 3659 793 3715 Β
896 3660 928 3715 11
945 3659 1080 3714 formabat
1097 3660 1181 3716 dim
1285 3656 1388 3729 gundo-

259 3745 343 3802 badus
370 3743 430 3810 BT,
463 3745 637 3814 gondobabue
664 3745 722 3802 LV
827 3746 861 3802 12
886 3746 985 3816 inquid
1010 3746 1039 3802 Β
1146 3747 1180 3802 14
1206 3743 1334 3800 laurentii
1361 3743 1389 3798 L

261 3830 318 3888 TV
415 3830 555 3888 oouiunoxi
581 3831 623 3898 Β,
657 3833 798 3888 eoninnxit
825 3833 853 3887 L
962 3833 995 3888 15
1020 3831 1111 3887 nidere
1136 3831 1217 3888 uellit
1244 3829 1287 3897 Β,
1319 3830 1390 3885 uelit

258 3918 347 3974 uidere
365 3915 448 3972 LTV
541 3917 688 3987 inquisitae
705 3918 733 3973 Β
830 3919 950 3975 indicate
965 3919 1039 3978 eone.
1058 3919 1186 3976 wem
1283 3919 1317 3973 16
1331 3933 1389 3971 onu-

258 4011 296 4077 ni'
325 4023 352 4077 V
453 4020 566 4094 principi
594 4021 666 4077 Bou.
779 4021 811 4077 17
838 4022 881 4077 eni
907 4023 945 4077 L¹
1058 4021 1091 4078 18
1117 4020 1186 4090 tam]
1214 4023 1306 4076 tamen
1328 4018 1390 4076 Bn-

257 4145 355 4200 roseo
451 4143 487 4198 uo
504 4115 659 4199 onmud'
668 4143 704 4211 s,
730 4144 890 4200 omnum
911 4145 956 4209 m,
980 4145 1143 4200 ossuum
1159 4144 1207 4200 «o
1222 4142 1389 4199 omum

259 4229 287 4283 L
371 4229 481 4284 uidendi
492 4245 526 4285 ex
538 4229 673 4300 gaudendi
688 4230 787 4286 Toorr.
874 4229 908 4285 21
920 4229 989 4285 atL
1074 4229 1317 4300 dhutoequaffim
1444 4240 1445 4243 ’

258 4314 293 4370 23
310 4316 415 4370 iuuaret
433 4315 460 4370 Β
561 4315 723 4387 prinoipium
742 4316 782 4384 (iu
799 4317 832 4372 os
848 4321 914 4383 raa.)
937 4315 964 4371 V
1064 4317 1100 4373 24
1121 4316 1221 4372 retulit
1241 4314 1320 4372 ΒΝ
1444 4390 1445 4397 ¹
