2934 4934
233 426 345 475 LXXVI

233 597 269 676 Β,
301 599 484 680 firmitatem
507 599 599 679 rall.).
637 601 717 664 unda
747 599 850 664 nescio
880 616 921 662 an
943 599 1046 663 uerbis
1068 599 1141 678 286,
1167 599 1208 665 14
1229 619 1308 685 quaa
1327 607 1368 667 ut

233 701 406 766 traduntur
422 703 552 768 obscura
567 702 642 766 suut
657 703 781 766 medela
795 703 923 784 paratur
937 703 1114 770 scribendo:
1136 723 1209 770 uere
1223 705 1367 785 dicerem

233 801 335 890 <nt)si
355 803 468 869 doleret
490 802 553 866 isto
575 801 689 865 decisio
711 801 867 886 (discissio
891 801 1002 885 codd),
1023 802 1107 883 quod
1128 802 1207 868 tates
1228 803 1369 871 mutua

233 929 289 973 nec
322 907 393 984 itta,
432 923 528 987 quom
562 903 669 968 dicitis
699 904 855 969 mutuum
888 903 1089 970 mendacium
1120 923 1193 988 esse,
1227 906 1368 991 Lipariu

228 1012 382 1092 potuissit
409 1009 553 1074 emittere.
592 1025 651 1072 uox
676 1007 792 1072 decisio
815 1009 897 1072 idam
920 1009 1002 1090 quod
1025 1008 1177 1074 iudicium
1205 1013 1303 1077 ualet.
1326 1051 1368 1064 -

233 1115 308 1190 408,
333 1116 371 1178 21
392 1111 527 1194 patricii
544 1107 657 1174 Festus
672 1111 702 1174 at
716 1107 934 1192 Symmachus,
957 1112 1099 1175 omnium
1121 1112 1369 1194 disciplinarum

233 1217 370 1283 materia
391 1218 420 1279 et
442 1214 616 1278 constantis
641 1216 831 1295 (constantes
852 1215 950 1297 codd.)
972 1212 1078 1294 fonno
1099 1217 1284 1297 sapientiae,
1306 1220 1367 1285 nisi

234 1323 314 1386 torta
330 1319 399 1402 quis
416 1321 591 1382 constantes
605 1319 726 1396 forman
739 1319 760 1382 i.
774 1337 801 1383 4.
815 1318 915 1400 firma
929 1317 1073 1399 exempta
1086 1320 1265 1401 sapientiae
1280 1338 1370 1402 prae·

233 1426 306 1490 tart.
332 1425 385 1488 sed
401 1422 613 1504 oppositorum
628 1420 837 1502 aequabilitas
850 1423 931 1504 quod
945 1424 1092 1504 proposui
1105 1425 1314 1490 commendat
1326 1461 1369 1474 -

233 1527 307 1602 409,
331 1524 373 1590 28
395 1523 506 1588 uellem
531 1524 654 1608 (mettim
676 1525 712 1606 B,
740 1524 836 1589 uelim
859 1527 942 1604 rell.)
968 1524 1062 1591 ittam
1083 1527 1228 1592 omanus
1249 1525 1371 1594 Italiae

228 1629 378 1712 portibus
389 1627 560 1708 praeferri,
576 1630 611 1690 ut
622 1647 703 1708 quoe
715 1647 780 1691 non
790 1628 1000 1709 adquiescunt
1011 1629 1140 1694 monitis
1150 1629 1369 1711 formarentur

233 1731 394 1813 corruptis.
437 1730 539 1795 lanius
572 1730 628 1794 hoo
658 1731 833 1795 remedium
867 1733 1009 1815 praestat
1037 1731 1159 1799 fortiori
1191 1734 1370 1814 formentur

234 1840 328 1919 atqua
350 1836 473 1917 saepius
489 1834 515 1898 B
537 1833 648 1899 udtim
663 1853 717 1916 pro
736 1835 851 1900 mitem
873 1854 966 1917 quam
982 1855 1037 1918 pro
1052 1836 1153 1901 adim
1174 1837 1309 1904 exhibet.
1329 1875 1366 1888 -

233 1939 308 2015 415,
332 1939 374 2004 25
403 1955 477 2002 aare
505 1937 640 2021 dipnum
662 1942 690 2002 et
719 1939 841 2002 iustum
869 1944 923 2018 est,
953 1945 988 2004 ut
1018 1940 1101 2021 qnod
1121 1960 1144 2004 a
1165 1943 1202 2020 te,
1231 1941 1368 2014 41444144.

233 2041 410 2123 accipimus
429 2040 533 2122 pretio
559 2042 705 2122 (precum
723 2041 763 2122 Τ)
788 2043 900 2106 saltem
920 2043 1008 2106 uocis
1034 2045 1134 2124 (uoces
1156 2044 1207 2129 13¹,
1230 2065 1305 2111 uoce
1326 2046 1371 2111 13⁹

233 2145 338 2223 LTV,
381 2149 409 2208 et
444 2162 517 2208 4444
550 2143 615 2224 Pb)
660 2142 825 2208 sotuamus
867 2144 1030 2226 (dommus
1066 2144 1132 2228 3¹).
1176 2165 1370 2232 quamquam

234 2249 377 2314 codicum
401 2246 590 2312 auctoritate
614 2265 688 2309 uoce
710 2265 770 2312 444
792 2267 883 2313 uoces
904 2251 1034 2323 onustat,
1058 2251 1164 2314 144444
1186 2255 1272 2315 uocis
1294 2270 1368 2335 pro·

234 2351 399 2416 habilitate
429 2367 490 2415 444
521 2351 614 2431 carot,
649 2349 711 2414 nisi
742 2350 823 2416 forta
849 2351 951 2427 pretio
972 2354 1005 2416 et
1026 2371 1100 2416 uoce
1122 2353 1183 2418 sibi
1205 2355 1242 2418 ut
1262 2373 1312 2419 ras
1335 2357 1370 2420 at

233 2457 329 2522 uerba
352 2458 559 2536 opponuntur.
597 2452 785 2518 utrumlibet
809 2453 950 2537 eligaris,
972 2456 1151 2536 accepinurs
1171 2473 1228 2538 pro
1248 2459 1369 2540 accipi·

233 2577 304 2622 mus
325 2555 509 2641 praestabit.
532 2593 569 2604 -
585 2555 659 2636 418,
682 2555 725 2620 22
747 2577 818 2620 cum
833 2561 907 2638 post
921 2566 1080 2622 macretas
1093 2558 1223 2625 tarnat
1245 2565 1369 2644 torpore

230 2661 336 2746 piebos
357 2667 385 2725 et
406 2662 576 2742 infrenata
599 2657 702 2743 placit
724 2657 863 2740 fiumina
885 2661 1028 2726 uoucttas
1048 2661 1216 2743 frondium
1236 2666 1369 2730 tunnas

230 2785 353 2849 pemmo
377 2765 552 2830 conscindit
576 2763 778 2847 (conscendat
792 2763 945 2844 B'LTV,
967 2765 1149 2830 4444444441
1164 2767 1221 2851 3¹)
1243 2771 1369 2834 etcum

231 2875 356 2934 auctore
390 2869 570 2952 permirum
606 2868 730 2933 domino
767 2868 859 2933 nobis
890 2870 999 2933 omniu
1034 2871 1242 2934 reuiuiscuut.
1291 2889 1368 2937 oon·

232 2973 392 3038 iunctiuus
420 2973 606 3038 conscurdat
634 2975 666 3038 st
694 2972 797 3056 prima
827 2971 942 3038 codiais
966 2974 993 3037 B
1022 2991 1119 3039 mauu
1141 2979 1173 3040 at
1195 2977 1291 3042 usrbo
1313 2993 1366 3041 se·

232 3079 347 3158 quauta
374 3076 575 3139 minuiscunt
603 3076 777 3158 repellitur.
813 3075 1008 3145 144444υά1
1037 3078 1144 3142 autam
1172 3076 1305 3143 uerbum
1327 3083 1368 3146 ds

233 3179 290 3244 hau
312 3199 345 3244 ra
368 3177 566 3260 aptissimum
596 3195 664 3244 assa
695 3180 777 3245 altar
806 3181 892 3244 locus
925 3177 950 3244 C
973 3179 1007 3244 II
1030 3180 1081 3261 61,
1104 3183 1127 3245 4
1155 3181 1316 3247 scinditur
1338 3189 1369 3248 et

232 3285 357 3346 teneras
383 3299 454 3345 uuo
480 3299 592 3364 peram
616 3281 745 3346 tunicas
772 3282 920 3360 ostendit,
949 3285 1044 3367 atqua
1076 3285 1243 3366 rumpendi
1271 3286 1369 3352 uarbo

233 3384 393 3468 Vergilius
431 3401 504 3449 usus
542 3385 590 3448 est
614 3383 664 3449 ’(1.
699 3385 733 3450 ΙΙ
767 3384 809 3449 'lb
840 3405 979 3468 punmoe
1010 3391 1040 3451 ct
1071 3388 1177 3452 tenuis
1211 3397 1370 3472 muniunt

232 3490 368 3554 tantam.
392 3523 433 3536 -
454 3488 529 3565 429,
555 3490 595 3553 14
611 3525 614 3532 -
628 3489 695 3570 (ubi
723 3487 761 3554 da
791 3489 951 3554 Laurentii
973 3489 1006 3555 iu
1035 3495 1246 3574 comparando
1267 3493 1369 3559 aocla-

232 3593 296 3657 siaa
330 3592 490 3658 Romanas
522 3591 690 3657 schismata
723 3592 882 3659 laboribus
914 3592 1095 3677 meritisque
1125 3599 1243 3680 agitur)
1276 3595 1369 3664 dicat

231 3694 353 3775 uliquis
384 3692 524 3776 forsitan
556 3713 665 3759 rorum
695 3700 856 3778 pasturum
887 3696 1052 3780 mutipnus
1071 3697 1248 3779 intarpras:
1267 3719 1369 3782 pamm

231 3797 343 3862 sunau
375 3801 420 3862 ast
451 3796 489 3861 de
520 3796 702 3864 tuiuuuodi
735 3799 917 3864 constantio
941 3819 1098 3881 prmsons
1125 3821 1225 3868 eausa
1251 3803 1368 3870 4144141-

231 3901 352 3966 44442
387 3905 521 3982 quaeat
553 3904 609 3984 quoi
640 3903 718 3986 finis
753 3905 846 3987 (fines
877 3904 979 3986 4414)
1014 3904 1052 3969 dc
1088 3905 1220 3972 laudam
1250 3905 1370 3974 sudore

230 4006 414 4088 contiprat-
441 4021 503 4070 nou
527 4007 611 4072 euim
633 4008 797 4090 quaeritur
817 4009 871 4091 qui
894 4009 946 4074 441
968 4011 1038 4074 utar
1059 4011 1256 4093 litigantium
1279 4011 1364 4078 Lau-

231 4107 326 4173 rentii
359 4125 453 4192 opera
474 4109 514 4175 at
543 4109 638 4176 finem
667 4111 720 4175 441
749 4111 917 4177 uictoriam
946 4113 1137 4194 peruenerit,
1172 4116 1227 4180 sul
1261 4116 1367 4198 qualis

232 4209 358 4276 affectus
391 4213 434 4277 sit
467 4213 521 4295 qui
557 4213 707 4295 auauarit,
741 4219 834 4296 41444
863 4215 937 4297 quid
969 4212 1183 4282 44444414
1211 4212 1256 4284 sis
1284 4237 1366 4303 quaa

231 4319 403 4397 sequuntur
425 4315 528 4381 fusius
550 4317 782 4398 44444114.-
795 4318 870 4393 468,
895 4319 936 4384 12
956 4315 1134 4385 dictionum
1147 4319 1274 4401 doocdi
1291 4342 1367 4388 ner·
