2934 4934
242 367 306 434 250
600 359 716 430 Ungui
734 356 863 416 Foliois
879 355 1012 414 Ituuodi

241 555 321 620 bene
343 550 472 628 iudices,
510 551 538 615 si
573 551 605 616 et
640 549 673 616 io
710 549 854 632 germsni
886 547 936 616 tui
956 545 1149 620 moeroribus
1171 547 1205 612 et
1224 545 1259 612 in
1281 543 1369 610 obitu

242 655 418 740 spirituslis
450 653 509 719 filii
545 671 602 737 ego
636 652 725 735 qussi
757 650 897 736 opiuioui
915 651 1003 718 ¹tuus
1033 650 1209 734 disputator
1229 666 1366 714 oosuno.

240 775 315 826 sonu
341 761 469 842 ιιιιιιι
500 755 562 820 iter
587 754 756 822 oumtiouis
783 753 965 822 inueniunt:
1001 771 1093 820 noros
1120 751 1258 818 ultennm
1286 749 1367 817 unde

240 865 308 946 ipso
330 860 454 926 lutorut
477 858 623 926 absoluit.
669 857 723 926 sed
757 856 831 925 hino
848 857 964 925 ¹uliruer.
1001 860 1113 940 potens
1135 859 1186 923 est
1205 855 1293 937 deus,
1316 853 1367 937 qui

239 966 322 1032 solus
355 964 395 1030 ud
428 965 490 1028 isto
522 963 609 1031 odet
639 979 801 1028 ooourrere
834 963 868 1026 et
899 959 1074 1028 eommunis
1105 957 1183 1024 muli
1205 956 1400 1024 sublsuores

240 1085 428 1152 pressurum.
452 1084 507 1132 uos
530 1067 638 1132 tumen
660 1065 848 1132 honor-idere
869 1064 959 1133 oultd
979 1061 1180 1132 salutationis
1200 1061 1367 1144 inpertitus

239 1189 324 1256 rogo,
348 1175 385 1236 ut
407 1169 515 1236 notro
536 1167 615 1234 mihi
638 1167 817 1250 spissioris
839 1166 1017 1236 oommeroii
1038 1183 1169 1232 munero
1190 1163 1365 1242 eonfenotu,

239 1277 278 1342 sd
315 1291 396 1358 quoe
435 1272 542 1338 studio
576 1271 703 1357 pigrum
740 1289 807 1338 esse
842 1289 900 1338 nee
935 1270 1094 1336 umentem
1129 1270 1278 1335 oouuenit
1312 1287 1367 1336 nes

240 1378 420 1444 mnndum.

721 1563 887 1630 XXVIIII.
1375 1586 1398 1625 o

621 1715 807 1772 ENNODIVS
828 1714 984 1772 dinume.

281 1840 315 1907 Si
337 1844 499 1924 postorum
522 1839 652 1922 spiritus
667 1840 832 1923 disciplina
845 1839 999 1924 paginulis
1021 1840 1210 1916 admitteret,
1237 1845 1368 1907 oeuteuo

238 1963 292 2010 ore
314 1948 346 2012 et
368 1963 426 2010 uon
456 1942 558 2009 ferreo
587 1945 640 2020 uin
667 1945 749 2026 quod
778 1944 958 2020 eelsitudini
979 1950 1100 2012 uestrae
1122 1965 1142 2011 u
1163 1963 1214 2010 me
1237 1944 1366 2011 debetur

237 2045 404 2113 uerborum
427 2049 568 2116 ubertate
590 2053 751 2114 reseraret.
775 2049 828 2114 sed
850 2047 924 2132 quia
946 2051 1068 2132 mugnis
1090 2048 1239 2114 obnoxius
1263 2049 1317 2114 uin
1330 2046 1367 2112 ed

237 2168 335 2235 parua
355 2151 488 2234 sufficio,
512 2151 634 2234 prouidi
657 2155 727 2236 post
757 2153 806 2217 dei
835 2151 1079 2218 misertoordiem
1102 2158 1226 2218 uestrae
1247 2153 1396 2238 gretiueu

237 2272 442 2338 repensorem.
488 2271 561 2319 uum
590 2253 688 2320 freter
710 2255 815 2322 uester
837 2253 968 2320 domnus
990 2254 1134 2340 Faustus,
1158 2254 1232 2320 dum
1256 2255 1366 2322 debere

238 2377 271 2423 se
295 2355 478 2424 beneficium
513 2356 595 2440 quod
628 2355 708 2422 mihi
740 2358 897 2437 tribuistis
931 2357 1103 2441 eloquitur,
1138 2357 1177 2424 ob
1210 2357 1367 2423 inbecillis

237 2459 409 2527 ceruicibus
444 2460 552 2544 grume
587 2461 688 2526 oneris
722 2463 860 2527 saroinus
883 2461 1041 2527 emolitur.
1087 2463 1162 2526 sunt
1183 2459 1268 2526 inter
1290 2462 1366 2525 duos

236 2563 408 2648 praecelsos
430 2564 494 2628 istu
515 2563 710 2630 eommunia:
753 2581 809 2630 uos
831 2561 921 2631 uobis
944 2567 976 2631 et
999 2565 1073 2630 dere
1096 2563 1190 2648 dignu
1213 2564 1312 2630 nostis
1336 2567 1366 2628 et

236 2665 377 2732 reddens:
403 2686 453 2732 me
476 2667 533 2733 sub
556 2667 640 2734 iusoe
663 2669 761 2734 uestri
783 2667 923 2734 muneris
939 2668 1146 2734 coustitutum
1168 2667 1236 2733 sola
1258 2673 1394 2735 maneto

236 2769 274 2834 de
291 2767 487 2836 obnoxietate
504 2771 664 2850 confessio,
688 2769 761 2836 dum
780 2775 985 2856 praeuentum
1000 2773 1118 2857 gratioe
1133 2775 1258 2838 oestrus
1273 2771 1362 2850 mole,

235 2871 319 2962 qpod
340 2875 407 2938 uoti
423 2875 594 2960 conpotem,
618 2873 694 2940 seoit
709 2875 768 2940 hoo
783 2875 935 2960 inputem.
960 2875 1069 2940 edsum
1093 2875 1199 2941 umen
1222 2875 1363 2958 partibus

235 2976 315 3041 meis
348 2981 379 3041 et
407 2979 489 3043 inter
518 2980 669 3042 erundum
699 2977 843 3061 quemuis
872 2981 1013 3063 peoootor
1036 2976 1144 3060 deum,
1178 2979 1214 3041 ut
1235 2994 1293 3062 pro
1316 2996 1363 3041 me

339 3159 372 3213 13
398 3159 430 3214 oi.
454 3155 535 3230 Verp.
559 3161 648 3231 Goorg
670 3161 701 3216 11
718 3161 824 3228 43.44,
858 3162 924 3220 Aen.
948 3158 988 3219 VI
1010 3163 1069 3220 625.
1093 3163 1183 3232 (Luer.
1206 3163 1247 3220 v1
1266 3163 1318 3220 840
1334 3161 1361 3215 lt

233 3260 259 3313 p.
275 3243 348 3312 399),
383 3243 550 3316 Pern129,
586 3245 1114 3320 Hostiusop.lluorob.SrtV13,d

287 3433 353 3505 ιιι]
372 3433 418 3488 ser
437 3433 487 3516 ι,
564 3435 715 3491 meroribus
734 3437 845 3493 13an
943 3405 1026 3525 onitu
1045 3440 1073 3495 s
1176 3439 1360 3511 reperimur

233 3536 315 3592 Sino.
416 3539 435 3592 4
460 3538 533 3608 ipsse
559 3539 587 3594 Β
690 3541 707 3595 6
730 3556 897 3612 proessunum
920 3541 948 3596 Β
1050 3543 1195 3600 honoridoe
1213 3543 1299 3600 ΒΝ

232 3623 322 3780 gum,
326 3624 366 3769 133,
394 3626 484 3680 cultus
503 3623 630 3682 LPTVb
739 3627 756 3682 7
783 3627 932 3684 eommsrtii
960 3627 988 3684 Β
1092 3629 1241 3686 eonferotes
1267 3629 1295 3684 Β

283 3813 427 3872 XXVIIII·
464 3817 497 3872 12
519 3817 660 3888 poginsles
678 3819 706 3873 Β
810 3823 838 3875 ot
855 3824 965 3876 oentenu
982 3821 1032 3878 Bt
1137 3823 1169 3880 13
1192 3821 1362 3879 eelsitudinis
1427 3880 1428 3887 1

231 3907 321 3958 uestro
341 3903 369 3958 Β
473 3903 507 3958 15
530 3919 613 3974 porus
636 3903 678 3972 Β,
705 3922 789 3977 puuou
812 3904 940 3964 LPI'Vb
1045 3909 1077 3962 li
1101 3924 1157 3995 gese
1180 3907 1208 3962 Β
1312 3909 1362 3962 tri-

230 4021 337 4080 ennes
364 4025 392 4078 n
494 3989 615 4082 insenius
641 4024 670 4081 ιι
774 4028 807 4084 1e
832 4027 920 4084 onan
947 4027 1010 4093 re,
1045 4029 1152 4084 nonen·
1179 4028 1218 4095 r,
1255 4029 1363 4084 nomes

230 4107 317 4164 BLV
416 4109 452 4166 20
472 4107 633 4181 subisubB
736 4113 795 4169 solu
810 4117 903 4169 munet
919 4115 955 4181 Β,
982 4115 1101 4170 solomon
1119 4119 1149 4170 ot
1166 4115 1251 4182 Pru,
1278 4118 1361 4170 solun
1426 4124 1427 4129 ’

230 4199 258 4250 et
284 4196 340 4252 ΒΤ
439 4199 474 4254 22
500 4201 640 4270 oouputeun
669 4198 705 4267 Β,
735 4203 828 4271 opole
855 4201 882 4258 Τ
984 4201 1018 4258 23
1041 4201 1171 4257 oruudum
1196 4201 1286 4268 Pro,
1317 4202 1362 4256 uo

230 4281 342 4337 rendum
360 4282 397 4350 Β,
423 4284 585 4342 hortuudum
605 4285 700 4342 wo
