2934 4934
172 374 236 444 220
529 369 643 440 1ψὶ
659 369 789 427 Felicis
803 369 940 424 Enucdi

174 562 333 632 eonon
352 577 422 632 oros
445 565 495 638 ct,
520 561 553 628 ni
579 579 714 640 mcor,
737 558 850 628 sabra
872 558 952 628 nihi
971 561 1007 626 ct
1027 558 1245 626 instructionis
1267 562 1302 626 st

175 667 389 736 consolationis
412 667 550 750 praestes
574 664 721 747 alloquia.

677 830 795 906 XXXI.

563 969 749 1030 uuoomvs
767 970 909 1030 Bonoso.

211 1077 428 1148 Considerotio
450 1076 680 1162 magnitudinis
702 1080 828 1146 uastae
842 1079 945 1162 eregit
958 1077 1127 1162 epistolare
1148 1095 1304 1146 mmu-
1326 1093 1341 1136 ι

175 1184 270 1264 dum,
290 1182 348 1250 sod
369 1180 529 1250 roanos
562 1180 724 1265 portitoris
758 1179 928 1264 epistolam
960 1181 1114 1251 brodata
1136 1180 1304 1249 conolnoit

175 1302 237 1352 uon
265 1285 354 1368 potui
381 1283 498 1352 morari
525 1286 754 1367 proponentem.
783 1284 838 1351 sed
866 1301 925 1350 noo
954 1284 1004 1353 his
1026 1300 1163 1353 uacuum
1183 1283 1304 1352 maniis

176 1389 301 1472 proptor
337 1406 384 1452 res
421 1387 610 1455 necessarias
643 1385 744 1456 emisi
789 1385 914 1454 crebras
946 1404 1040 1473 super
1059 1387 1170 1468 domo.
1208 1405 1306 1471 quam

174 1491 304 1573 poposci,
328 1489 450 1557 litteras
472 1490 638 1556 destinari.
671 1491 699 1553 si
721 1488 871 1572 possibile
908 1489 957 1555 est
978 1489 1083 1574 cupita
1105 1490 1212 1572 tribui,
1236 1490 1306 1557 iam

176 1592 300 1672 referto,
334 1593 407 1676 quia
440 1592 544 1658 omnia
575 1591 718 1659 aedificia
746 1593 808 1660 sab
841 1592 1039 1678 neglegentia
1067 1595 1343 1660 oonseuasountoa

174 1695 298 1762 domine
326 1697 386 1780 mi,
418 1695 621 1766 muudum
647 1695 795 1778 obsequia
816 1696 992 1779 dependens
1015 1713 1105 1782 rogo,
1128 1698 1165 1762 ut
1186 1696 1305 1763 iuuetis

174 1799 240 1867 sine
261 1801 366 1866 uestro
388 1799 547 1882 dispondio
569 1797 809 1884 supplicantem.

669 1967 804 2036 XXXII.

531 2101 715 2161 uauomvs
736 2102 943 2162 musano.

215 2207 295 2278 Rem
318 2213 523 2276 necessariam
551 2205 697 2293 prouidet
726 2212 780 2298 qui
812 2211 938 2295 parenti
961 2207 1101 2275 omnum
1123 2209 1247 2276 orbatos
1270 2215 1347 2277 etas

173 2312 352 2400 peregrinos
375 2311 531 2380 insinuat:
555 2311 645 2382 unica
667 2314 720 2380 uia
739 2316 788 2379 est
803 2311 996 2397 apostolatus
1020 2312 1119 2379 uestd
1140 2313 1305 2394 solacium,

174 2433 253 2500 quae
275 2416 417 2482 medetur
439 2413 585 2482 externis.
608 2415 692 2482 absit
714 2416 855 2482 adflictos
878 2416 981 2482 dicero
1003 2433 1079 2499 quos
1100 2411 1140 2481 od
1159 2432 1215 2481 uos
1230 2434 1308 2484 con·

174 2515 282 2606 tigerit
303 2521 496 2601 peruenisse:
528 2521 679 2587 oreatm
702 2519 838 2604 patriam
860 2537 933 2602 opos
956 2516 1032 2584 aiibi
1056 2535 1118 2585 uon
1139 2521 1307 2604 requirunt

175 2641 251 2708 quos
267 2641 393 2689 coronae
409 2621 532 2689 uestrae
553 2643 627 2690 cura
642 2625 822 2706 susceperit.
838 2621 1049 2710 praesentium
1064 2620 1201 2704 bunius,
1216 2625 1307 2688 ortus

178 2725 324 2793 nobilitor
344 2723 507 2810 profutura
528 2724 567 2791 ad
590 2725 806 2794 testimonium
822 2723 1026 2810 ingenuitatis
1041 2723 1146 2793 studia
1159 2725 1348 2792 Romanam

178 2827 318 2912 requirit.
363 2825 447 2894 huno
475 2828 661 2894 beatitudini
684 2833 808 2894 uestrae
830 2847 902 2896 moa
923 2827 1072 2914 subplicis
1094 2826 1195 2894 uestri
1216 2845 1307 2894 oom-

175 2934 301 2998 meudat
315 2930 460 3014 adsertio,
476 2935 512 2996 ut
526 2930 723 2997 salutationis
739 2932 876 2997 seruitiis
891 2931 1060 3016 dignanter
1070 2929 1209 3015 acceptis
1221 2931 1308 3016 quod

174 3053 232 3100 usu
254 3032 357 3100 facitis
378 3051 434 3117 pro
456 3034 519 3099 moi
542 3033 786 3102 consideratione
808 3034 986 3119 geminetis.

228 3220 242 3273 1
266 3219 320 3274 oris
344 3220 372 3274 Β
475 3223 504 3276 et
521 3221 554 3290 si]
574 3221 597 3274 si
615 3219 698 3276 Sum.
802 3220 1037 3276 lcouaulstionis
1057 3221 1086 3276 Β
1189 3221 1307 3290 precatis

175 3305 203 3360 Β
307 3305 474 3376 colloquial,
501 3305 608 3376 eloquio
626 3306 743 3371 BLTV,
771 3306 888 3376 alloquin
904 3307 933 3362 P

226 3407 327 3464 XXXI.
362 3409 509 3464 abotthio
533 3409 637 3464 BLVl
740 3411 866 3480 beriget
881 3411 926 3478 Β,
952 3412 1038 3481 exigit
1055 3411 1092 3478 P,
1118 3411 1237 3481 crigitb

176 3494 299 3566 lpotnit
318 3495 345 3550 Β
447 3496 582 3551 demisse
605 3497 633 3551 Β
736 3497 894 3567 tlpoposci]
916 3507 994 3567 posca
1016 3499 1045 3553 Β
1148 3497 1183 3552 10
1198 3496 1308 3553 cditlola

175 3582 216 3646 B;
245 3583 301 3637 eius
326 3581 392 3638 aoid.
419 3582 547 3638 LPTVt
660 3584 847 3641 monimus
874 3584 903 3639 Β
1019 3585 1051 3639 ll
1078 3585 1117 3639 mi
1144 3584 1207 3649 Po,
1236 3583 1308 3640 nihi

175 3668 287 3727 aaut
386 3669 427 3738 ut]
446 3671 478 3722 ut
495 3683 543 3724 uos
560 3667 608 3724 Pb
712 3668 813 3724 iubetis
830 3669 858 3724 Β

227 3769 341 3826 xnxu.
378 3772 410 3826 15
428 3771 548 3840 prouidit
565 3771 593 3826 a
680 3773 791 3827 arsiae
809 3774 931 3839 notos
939 3772 1065 3844 m)
1084 3774 1111 3828 a
1162 3731 1214 3829 ⁴ro
1231 3789 1308 3843 pesa

175 3858 246 3928 griu'
269 3857 296 3912 Β
399 3856 444 3912 uia
466 3871 517 3912 orn
541 3857 569 3912 Β
672 3858 802 3914 solatium
827 3859 908 3914 BM'
1012 3859 1044 3914 ll
1067 3859 1185 3914 medltur
1208 3859 1235 3913 B

175 3949 275 4016 uranie
298 3957 326 4016 a
428 3953 551 4016 addimus
570 3961 597 4015 Β
702 3963 734 4018 18
759 3965 889 4018 creatores
906 3963 938 4031 (i.
956 3977 980 4018 a.
998 3965 1089 4032 patres
1105 3961 1153 4018 rael
1168 3966 1310 4032 pnsum)

174 4051 272 4118 scripsi
294 4047 341 4116 (os.
365 4047 457 4118 Epist.
481 4045 546 4101 1⁷11
561 4051 602 4114 31,
626 4043 729 4103 VHII
743 4053 785 4119 4),
811 4049 938 4104 crestorie
961 4049 1026 4104 libri
1131 4049 1164 4104 19
1189 4065 1253 4104 cura
1285 4051 1314 4106 Τ

175 4149 195 4190 o.
214 4134 231 4188 l.
341 4132 483 4202 susciperit
500 4131 527 4186 Β
627 4136 795 4203 praesentum
821 4134 849 4189 Τ
863 4137 889 4190 et
906 4134 989 4190 Sim
1085 4133 1190 4190 tutelas
1208 4133 1237 4190 Β

174 4221 209 4274 al
227 4219 345 4290 requirat
362 4219 390 4272 Β
480 4218 551 4273 hano
569 4219 633 4284 BL,
658 4233 730 4274 nuno
747 4219 851 4276 Pavo
946 4221 983 4276 ἢ
999 4222 1117 4276 seruitus
1133 4220 1162 4276 L
1259 4222 1313 4278 ad·

175 4305 259 4374 captis
276 4307 305 4360 Β
407 4306 442 4359 23
459 4304 552 4361 tacetis
570 4306 598 4359 Β
701 4308 854 4376 geminatur
872 4307 971 4363 M'Vb
