2934 4934
237 365 300 433 122
459 361 574 432 Magni
590 359 718 416 Felicio
736 356 867 413 Ennodi
884 358 983 428 epist.
1001 356 1059 411 lib.
1078 355 1147 411 1111.

237 550 347 619 amieis
370 548 548 616 difficiliora
570 545 721 626 tribuere,
744 565 806 612 non
821 546 968 628 putantes
984 542 1179 619 beneficium,
1203 545 1230 610 si
1253 560 1366 628 pascar

236 655 269 720 in
303 658 395 719 tanta
425 649 588 717 uicinitate
621 649 798 733 conloquiis.
836 651 871 713 at
904 665 960 731 ego
995 664 1100 715 casum
1134 666 1240 714 meum
1273 664 1367 713 uersa

238 756 454 824 aestimatione
477 756 610 837 suspiro,
643 773 682 819 ne
710 752 871 820 beatitudo
894 756 950 817 tua
977 750 1121 817 retulerit
1151 750 1190 817 ad
1211 751 1367 817 iudicium

238 863 320 946 quod
352 840 492 925 exhibuit
523 855 766 941 blandimentis,
801 859 876 922 dum
904 856 984 939 quel
1012 855 1182 938 praecessit
1211 853 1367 920 adscribit

237 964 370 1047 tempori
393 980 454 1028 non
477 960 584 1028 amori.
621 962 752 1027 facessat
775 979 794 1025 a
815 959 920 1025 nostro
942 959 977 1024 iu
998 957 1147 1025 amicitiis
1168 958 1254 1025 from
1277 958 1397 1042 pictae

236 1066 409 1152 proposito:
425 1083 482 1130 nos
496 1064 537 1129 ad
558 1062 639 1130 hanc
653 1065 805 1130 fabricam
820 1062 908 1128 nulla
922 1061 1173 1145 praecedentium
1189 1062 1365 1128 studiorum

236 1171 314 1235 lima
335 1164 516 1250 conposuit:
538 1168 655 1233 nudum
677 1166 793 1232 sumus
816 1167 856 1231 ad
872 1166 1119 1232 coniunctionem
1143 1164 1266 1231 adferre
1289 1182 1365 1230 con-

237 1273 447 1340 concordiam:
482 1268 693 1336 urbanitatem
726 1271 807 1335 iuter
839 1286 925 1335 cares
959 1270 995 1335 ut
1028 1286 1147 1335 uenena
1176 1270 1365 1353 respuimus.

237 1395 320 1461 ergo,
341 1376 388 1440 mi
409 1374 541 1453 domine,
570 1373 791 1439 salutationem
815 1374 969 1456 accipiens
994 1374 1151 1438 amantem
1177 1372 1226 1437 tui
1248 1373 1281 1438 in
1304 1373 1366 1440 bae

236 1480 341 1562 potius
363 1480 451 1562 purte
473 1478 601 1556 sectare,
624 1481 660 1542 ut
683 1478 715 1541 et
731 1476 884 1542 culturam
906 1474 979 1541 fidei
993 1495 1048 1560 per
1070 1477 1278 1557 frequentiam
1297 1492 1397 1543 ser-1⁰

237 1583 338 1649 menis
359 1578 511 1667 inpendas
533 1582 565 1647 et
580 1598 616 1646 ex
629 1583 748 1646 secreto
763 1580 898 1663 pecteris
919 1578 1059 1646 infucata
1074 1579 1254 1663 expectanti
1269 1583 1366 1648 uerba

240 1685 397 1753 concedas.
421 1686 502 1751 nale.

734 1866 863 1935 mv.

544 2004 729 2061 ENNODIVS
751 2001 961 2060 assemano
979 2004 1010 2060 v.
1030 2004 1052 2062 1.

277 2127 317 2193 ln
339 2148 399 2197 usu
415 2133 463 2195 est
479 2130 554 2195 uiris
577 2148 698 2195 morum
715 2128 859 2195 claritate
877 2126 1069 2210 fulgentibus
1084 2128 1269 2212 religionem
1284 2131 1364 2196 ami-
1374 2140 1398 2180 ¹⁵

237 2232 331 2299 citios
352 2252 408 2316 per
431 2234 589 2300 culturam
610 2232 730 2297 nutrire
747 2231 910 2316 conloquii,
934 2234 970 2295 ut
986 2232 1060 2295 dum
1082 2233 1201 2314 gratiae
1217 2235 1367 2316 germina

236 2335 304 2401 fotu
322 2334 579 2402 contabulationis
595 2335 787 2415 animantur,
803 2334 842 2399 ad
857 2345 991 2400 messem
1007 2334 1185 2401 coniunctio
1201 2336 1364 2403 foederata

235 2439 405 2522 perueniat.
428 2456 483 2523 per
504 2440 580 2504 baec
600 2440 684 2504 enim
706 2438 815 2504 munia
837 2437 939 2503 uoluit
961 2438 1063 2503 senior
1086 2438 1284 2520 prouidentia
1306 2438 1364 2505 ab·

235 2543 356 2607 sentim
377 2541 423 2607 nil
446 2540 550 2607 licere.
579 2542 693 2606 merito
721 2540 759 2605 le
781 2538 871 2607 uobis
900 2539 1170 2606 emendatissimus
1197 2540 1365 2609 bominum

235 2645 369 2710 temnus
390 2646 525 2711 Faustus
546 2644 706 2727 praedicat
733 2644 891 2728 singulare
920 2645 1147 2711 testimonium.
1191 2644 1258 2710 sine
1281 2649 1400 2714 nubs*

235 2752 327 2815 tatur
349 2750 474 2834 agnosci
495 2748 576 2815 nibil
598 2751 636 2815 de
658 2767 695 2814 eo
716 2747 926 2814 dubitandum
940 2765 1033 2830 quom
1054 2747 1205 2831 probatu
1227 2748 1364 2816 attollit.

235 2854 290 2917 seu
311 2868 394 2918 nuno
415 2852 456 2917 cd
478 2852 630 2934 epistulae
648 2852 814 2935 angustias
829 2869 880 2915 me
902 2852 1053 2915 reducens
1076 2854 1205 2917 acuetis
1221 2852 1364 2921 debitam

234 2955 360 3021 butem
381 2954 492 3022 claudo
513 2955 733 3038 penetralibus,
757 2972 796 3020 ne
812 2956 893 3036 quod
915 2953 996 3036 apud
1019 2956 1160 3021 externos
1183 2954 1365 3022 Mundum

235 3060 283 3122 est
305 3061 388 3141 apuu
411 3074 465 3123 uos
486 3058 712 3140 inportunitate
734 3060 902 3124 mneoscat.
926 3056 1008 3134 uate,
1025 3056 1072 3121 mi
1086 3058 1219 3137 domine,
1242 3060 1364 3125 saluta

234 3158 352 3225 bouem
374 3158 689 3242 obsequentissimam
711 3160 881 3244 accipiensz
904 3160 997 3225 teum
1013 3178 1130 3243 procer,
1154 3166 1191 3227 ut
1211 3173 1401 3245 prospw

234 3263 341 3327 uestra
367 3262 401 3327 in
428 3262 557 3346 longum
577 3262 750 3346 producens
771 3262 849 3329 mihi
871 3281 992 3347 quoque
1022 3262 1167 3330 secundis
1190 3266 1365 3332 amicorum

234 3364 426 3433 successibus
448 3366 598 3451 montem
619 3368 805 3433 auctionem.
830 3368 910 3433 uale.

284 3604 360 3661 iod
382 3606 421 3661 L¹
443 3612 477 3662 ut
499 3604 615 3663 uidetur
716 3608 907 3665 belmonticus
934 3608 962 3663 B
1068 3582 1223 3695 blictaV,
1251 3610 1366 3680 protictn

233 3688 261 3746 L
363 3690 607 3761 bpraecidentium
626 3694 654 3747 Β
758 3694 791 3749 12
808 3694 869 3748 nale
885 3708 935 3750 oua
955 3695 1041 3751 PTV
1452 3698 1453 3721 ¹

285 3792 394 3851 mv.
424 3796 458 3849 14
469 3796 670 3865 approuiauolt'
765 3798 801 3853 ir'a
815 3794 867 3865 Bb,
885 3814 935 3853 osc.
950 3798 1033 3854 MV
1128 3798 1225 3855 lbuiri
1238 3802 1274 3865 Β,
1291 3800 1367 3857 πίτυι

233 3914 401 3982 (sermon
495 3882 680 3971 nonme
697 3916 857 3972 rosera.
954 3918 988 3973 22
1000 3916 1161 3973 deorumn
1253 3920 1365 3975 mean-

233 4017 315 4073 eaac
333 4019 362 4074 n
445 4017 480 4075 as
498 4000 556 4073 effi
574 4022 695 4089 (aaa.)
714 4018 742 4073 u
828 4020 861 4074 no
874 4020 1044 4077 serenans
1127 4023 1188 4078 nare
1207 4037 1256 4080 on
1278 4024 1305 4079 u
