2934 4934
239 309 305 376 472
624 307 739 379 Magni
757 308 886 365 Felicis
904 312 1035 367 Euuodi

237 498 376 583 proeliis,
399 500 476 566 dum
497 499 615 567 laboris
637 501 776 583 pretium
797 501 932 586 flagitat,
957 508 989 569 et
1022 502 1127 571 hostes
1142 505 1175 570 et
1189 506 1276 573 bella
1299 524 1386 572 oom-

239 603 383 681 meudut,
413 603 467 685 qui
494 602 645 670 exhausta
672 604 765 687 putat
786 603 903 672 laboris
930 623 999 672 esee
1021 606 1188 692 suffragia,
1217 608 1283 675 uisi
1307 628 1386 693 quae

238 704 328 773 iretis
362 706 517 773 caelicolis
549 706 767 787 conferuntur,
801 712 839 775 ut
868 709 969 792 possit
1007 710 1124 779 oinitus
1152 714 1220 779 eius
1251 714 1385 799 perdura

236 813 319 894 quod
337 810 515 894 peripsum
538 809 677 877 creditur
704 810 890 893 adqmsisse.
913 811 1042 879 conlidit
1063 814 1194 896 genium
1216 814 1384 884 bellatoris

238 912 333 997 piatis
356 912 472 980 tabulis
495 913 528 979 et
549 913 742 998 imaginibus
763 930 826 980 non
843 915 951 981 teneri
965 934 1023 982 uec
1035 918 1169 999 requirit
1184 920 1222 983 nt
1235 922 1385 985 seruetur
1401 942 1412 981 s

238 1018 371 1083 saeculis
404 1035 476 1083 uere
510 1016 681 1084 formatus:
719 1018 788 1084 sola
820 1018 966 1103 opinatur
998 1038 1067 1086 esse
1099 1023 1233 1105 gaudia,
1267 1022 1383 1107 quibus

240 1120 347 1189 euenit
379 1139 493 1187 munus
530 1119 689 1187 adulterii.
722 1122 816 1189 sind
843 1122 902 1189 hoc
923 1124 956 1186 te
984 1122 1110 1189 ossibus
1143 1125 1312 1203 obtulisti,
1346 1128 1383 1190 ut

239 1243 297 1309 pro
319 1225 433 1290 sudore
455 1227 510 1289 tuo
534 1224 689 1291 nominari
710 1226 829 1307 pudeat
855 1227 938 1308 quod
965 1226 1112 1309 requiris,
1142 1246 1200 1293 noe
1222 1247 1290 1295 non
1312 1248 1382 1312 poe-

238 1346 348 1395 sumus
382 1328 493 1393 scortis
529 1326 640 1395 debere
674 1330 756 1410 quod
789 1328 934 1394 uicimus.
970 1346 1035 1395 non
1066 1330 1119 1414 pio
1153 1348 1260 1398 amore
1297 1332 1382 1399 bella

239 1430 381 1515 gessisti,
412 1433 465 1515 qui
493 1433 565 1515 post
595 1430 791 1511 muersauoe
823 1433 856 1497 iu
878 1431 1019 1499 ciuitatis
1040 1433 1146 1500 medio
1168 1454 1242 1501 cnm
1263 1436 1409 1521 pudoreu

239 1536 455 1621 congrederisz
489 1536 557 1601 siue
589 1553 683 1601 cause
714 1534 823 1601 hostes
857 1535 1005 1620 depulisti
1033 1536 1088 1620 qni
1119 1555 1229 1603 eornm
1256 1539 1382 1607 nisibus

240 1638 381 1721 fungeris
409 1638 443 1703 iu
473 1639 642 1722 triumpho.
679 1637 847 1705 habuimus
874 1641 996 1705 statum
1025 1639 1201 1706 honestetis
1231 1640 1381 1718 liberum,

240 1744 317 1809 dum
340 1741 462 1809 casibus
483 1740 698 1807 subducemus:
721 1740 874 1826 fugiende
894 1746 944 1808 est
968 1743 1104 1809 uirorum
1121 1742 1255 1809 fortium
1274 1743 1380 1811 felici-

239 1848 299 1925 tus,
322 1865 378 1930 per
399 1861 496 1928 qnam
517 1844 678 1927 iungimur
699 1843 837 1911 miseriis
864 1844 1071 1912 subditorum.
1108 1844 1246 1929 etenim,
1277 1847 1381 1913 curiae

240 1950 373 2030 lumina,
405 1969 461 2033 per
492 1949 641 2015 minutius
674 1949 830 2015 scelerum
860 1949 943 2016 huuc
972 1950 1140 2032 opinemur
1165 1950 1205 2016 ad
1234 1950 1407 2016 inmanius

240 2055 314 2119 uots
342 2052 553 2138 perductum?
586 2052 712 2136 quartis
741 2050 893 2135 grsdibus
920 2054 1126 2119 exercitatum
1153 2052 1280 2119 lacinus
1310 2072 1380 2136 per·

241 2157 329 2223 uenit
351 2154 471 2222 adhoc
492 2158 528 2220 nt
550 2154 631 2220 uitia
652 2154 801 2221 laudibus
823 2158 1042 2221 mercaretur?
1070 2156 1279 2223 credebamus
1298 2176 1379 2233 eum,

242 2260 318 2325 dum
352 2258 454 2324 uitam
483 2258 518 2323 iu
546 2256 692 2324 tentoriis
715 2262 822 2341 ageret
843 2257 876 2323 et
897 2258 938 2324 sd
961 2258 1098 2341 insignia
1130 2256 1252 2324 roboris
1290 2258 1378 2325 duris

242 2382 352 2449 corpus
381 2362 574 2428 successibus
601 2362 769 2446 inuitaret,
801 2361 900 2429 cinico
923 2379 1027 2428 umore
1049 2361 1239 2446 constringi,
1263 2364 1305 2427 ut
1327 2381 1379 2446 per

239 2466 389 2534 militiam
412 2466 480 2532 eins
503 2484 560 2532 uec
581 2463 761 2531 incendium
789 2466 883 2531 nrbes
905 2483 965 2531 uec
986 2482 1090 2531 sacras
1112 2466 1293 2548 corruptela
1315 2469 1405 2531 nir-s

237 2570 326 2656 giues
357 2570 540 2653 possideret,
577 2568 638 2634 iste
672 2568 759 2636 enim
791 2568 869 2635 emit
902 2572 950 2635 tot
983 2570 1186 2649 uulneribus,
1221 2588 1261 2635 ue
1297 2570 1378 2636 alter

238 2674 411 2741 facinorum
444 2673 535 2759 fruge
566 2673 732 2758 potiretur.
771 2675 846 2757 quid
879 2673 942 2740 tibi
975 2673 1122 2752 debeam,
1156 2674 1376 2742 crudelissime

238 2778 411 2859 hominum,
435 2779 529 2844 datur
550 2776 706 2859 intellegi,
728 2796 784 2861 per
807 2776 896 2844 onius
917 2776 1073 2844 beneficia
1095 2779 1235 2863 superati
1256 2778 1377 2843 exitum

238 2880 340 2948 uictor
371 2880 553 2967 ingemisco.
598 2878 709 2959 dicite,
742 2882 901 2964 praesules
935 2880 1108 2960 libertatis,
1143 2900 1236 2963 quem
1270 2883 1376 2966 potius

237 2985 423 3063 habuimus,
453 2986 507 3069 qni
529 2984 650 3051 enimes
673 2986 797 3051 nostros
819 2985 975 3069 possedit,
1003 2987 1036 3050 iu
1057 2988 1205 3052 tubarum
1228 2986 1403 3069 clangores

237 3090 403 3167 terrorem,
441 3089 517 3154 dnm
555 3088 630 3155 ferri
668 3106 775 3172 seges,
818 3107 970 3172 equorum
1015 3088 1161 3155 fremitus
1197 3089 1375 3156 minaretur

238 3192 392 3259 exitium?
426 3192 527 3276 credo,
556 3212 596 3258 ue
624 3191 725 3258 libera
752 3194 881 3275 patrum
904 3192 984 3259 colla
1005 3196 1188 3259 catenarum
1211 3192 1300 3276 rigor
1322 3194 1374 3256 ad·

234 3298 415 3382 stringeret,
439 3315 478 3361 ue
500 3294 694 3363 inuiolabilis
724 3296 880 3362 matribus
910 3297 1012 3379 pudor
1033 3296 1068 3361 in
1089 3295 1233 3363 ciuitatis
1256 3295 1374 3362 excidio

236 3399 402 3484 deperiret,
425 3418 464 3465 ue
487 3397 596 3464 uotiua
618 3397 789 3483 uirginitas
805 3398 903 3465 sacris
924 3399 1105 3485 mancipata
1127 3398 1261 3463 culturis
1285 3415 1371 3482 prae·

288 3625 302 3678 l
316 3622 430 3692 dnldum
443 3622 470 3677 L
554 3620 641 3677 hostis
652 3622 681 3676 B
767 3620 915 3677 dcclicolir
927 3621 955 3675 B
1039 3618 1265 3689 bimmaginibns
1277 3618 1307 3674 Β

235 3708 394 3779 requiretB
485 3706 652 3762 (iseculisB
745 3707 911 3762 ἸιιιὶιιιιιΤΙ
998 3704 1306 3778 9pionmbctSr'm.

236 3798 268 3851 11
282 3795 408 3850 hortisB
486 3794 518 3849 13
530 3790 636 3849 casibus
648 3793 695 3861 (cc
706 3790 854 3863 caridinei)
867 3793 978 3849 Lcorr.
1048 3793 1082 3847 14
1093 3790 1306 3858 uecenimfort.

235 3900 269 3955 ιι
285 3896 473 3985 meurisse*
568 3896 601 3949 ιι
616 3876 713 3949 luem
734 3895 762 3949 V
854 3895 889 3951 uo
905 3896 986 3951 urus
1002 3895 1113 3965 sessos
1141 3894 1207 3950 moa
1226 3898 1253 3960 (ι
1270 3895 1369 3949 rem

233 4008 317 4070 eurr.)
340 4002 371 4070 T,
399 4000 475 4056 urbis
492 3998 597 4056 BLVb
685 3999 804 4068 uirginis
815 3998 842 4054 Β
928 4000 964 4055 22
977 4002 1119 4071 potnrctnr
1132 3998 1160 4053 L
1245 3998 1282 4053 23
1300 3997 1370 4053 bani·

234 4090 297 4145 sscia
313 4091 342 4146 Β
445 4088 481 4143 24
502 4086 587 4142 dicite
605 4084 663 4155 (att.
681 4085 692 4139 i
709 4086 743 4140 ira
759 4087 827 4155 rus.)
846 4086 878 4141 Β
980 4085 1113 4157 praesulis
1130 4084 1159 4139 Β
1263 4084 1301 4140 25
1316 4081 1370 4138 ani·

234 4192 296 4233 mus
312 4178 340 4232 Β
425 4172 543 4245 possidit
560 4173 588 4228 Β
674 4172 709 4227 26
726 4170 806 4227 ferris
817 4174 875 4242 egis
893 4174 921 4229 Β
1007 4172 1121 4228 fremitu
1139 4172 1155 4226 b
1241 4171 1278 4225 ιι
1295 4170 1368 4225 aedo

236 4262 264 4318 Β
282 4278 304 4318 a.
323 4263 340 4318 l.
444 4260 479 4315 28
496 4261 588 4315 matri
606 4274 640 4315 cc
657 4258 792 4315 matribus
813 4260 839 4314 Τ
854 4275 926 4317 corr·
1031 4259 1059 4321 in
1078 4272 1128 4314 out.
1148 4256 1231 4311 siim.
