2934 4934
240 383 305 452 354
597 378 714 448 Magni
731 377 862 435 Felicia
879 375 1011 432 linuodi

245 570 354 638 taliter
374 570 480 639 tumen
503 568 601 636 fertur
623 568 663 635 sd
685 567 889 651 interpretem
910 585 965 632 rex
985 567 1124 632 locutus:
1149 564 1243 631 “licet
1262 565 1373 646 peetus

243 683 350 742 meum
371 674 468 742 lorice
495 674 547 740 uix
569 672 696 740 deseret
717 673 751 738 ot
772 670 903 740 adsidue
924 687 1054 736 menum
1076 669 1158 736 orbis
1180 669 1304 734 aeratus
1327 669 1373 733 in·

241 777 349 844 cludat
372 787 490 844 necnon
510 776 545 840 et
567 775 651 843 lutus
673 773 795 842 muniat
817 773 893 840 ferri
908 772 1116 856 praesidium,
1138 772 1244 838 inueni
1266 775 1375 836 tamea

242 881 419 959 hominem,
457 879 510 961 qui
542 893 593 947 me
627 881 786 946 armatum
822 878 923 964 possit
955 893 1132 960 expugnare
1165 872 1374 942 sermonibus.

241 984 363 1050 fallunt·
382 983 437 1065 qui
460 982 570 1050 dicum
584 982 744 1049 Romanos
756 979 792 1047 in
808 980 925 1065 linguis
948 983 1075 1048 scutum
1096 980 1149 1045 uel
1168 979 1291 1062 spicula
1310 997 1376 1043 non
1399 1001 1412 1041 ι

241 1086 367 1156 habere
401 1089 519 1154 uerunt
540 1085 625 1152 onim
647 1087 680 1150 et
696 1084 754 1149 ills
775 1103 857 1167 quae
877 1102 933 1150 nos
955 1083 1133 1152 miserimus
1154 1080 1253 1148 uerba
1272 1081 1378 1164 repel-

240 1191 306 1258 lere
336 1192 367 1257 et
395 1209 474 1273 quse
497 1207 516 1257 a
538 1207 571 1256 se
594 1188 772 1272 diriguntur
801 1190 841 1257 sd
863 1189 968 1254 cordis
998 1185 1173 1272 penetralis
1206 1185 1378 1252 destinare.

241 1295 321 1362 uero
339 1311 422 1377 ergo,
446 1292 620 1362 uenerando
635 1309 727 1376 pepe,
748 1309 828 1374 quse
843 1291 954 1374 poscis,
977 1291 1053 1374 quis
1066 1291 1213 1374 grandior
1229 1292 1276 1357 est
1290 1289 1379 1373 opud

243 1416 294 1464 me
325 1398 425 1481 iegati
442 1415 590 1482 ,persons
626 1415 720 1479 quam
752 1395 893 1477 potentia
925 1395 1120 1462 destinantis
1157 1393 1263 1475 accipe
1289 1411 1380 1458 nunc

244 1500 338 1568 fidem
360 1504 392 1566 st
414 1517 470 1583 pro
491 1500 611 1584 Nepote
632 1498 795 1582 pellicere,
819 1499 909 1582 'quod
930 1501 1035 1565 smuet
1056 1497 1277 1564 intemeratam
1297 1514 1413 1562 oon-1⁰

242 1601 396 1682 cordium,
426 1604 572 1687 quoniam
593 1605 626 1668 ie
647 1599 826 1684 promisisse
847 1602 967 1668 iurasse
989 1601 1068 1669 ert”.
1100 1601 1151 1666 h'u
1173 1600 1271 1666 dietis
1290 1600 1377 1665 inito

242 1707 341 1774 otium
362 1707 515 1792 pectionis
537 1706 661 1773 uinculo
684 1705 839 1772 uerendus
860 1703 1000 1786 pontifex
1021 1705 1092 1771 uede
1108 1703 1196 1770 dioto
1216 1704 1375 1770 discessit

242 1811 285 1876 ed
305 1828 398 1892 quem
421 1808 530 1876 statim
553 1810 750 1892 precatorum
779 1808 874 1875 turba
900 1808 1064 1890 diripitur,
1097 1809 1134 1872 ut
1156 1810 1304 1872 secuturo
1327 1807 1378 1872 die

242 1913 326 1997 regis
348 1912 449 1994 epulis
471 1911 653 1995 nessaeo,
684 1929 778 1995 quem
806 1911 863 1977 iiio
890 1912 956 1978 iam
977 1913 1161 1993 conpererat
1180 1912 1298 1996 iugiter
1320 1929 1380 1994 per

243 2015 417 2082 secerdotes
440 2033 513 2082 suos
534 2015 787 2098 polluisteirere
802 2015 960 2082 conuiuia:
985 2014 1036 2080 cui
1050 2013 1212 2080 excusauit
1233 2011 1412 2096 dixitquea

244 2119 306 2184 siti
338 2137 399 2186 nou
432 2133 503 2186 esse
529 2117 564 2184 ἰιι
592 2133 678 2184 mone
711 2117 852 2200 positum
883 2117 997 2184 ationis
1031 2118 1199 2200 aliquando
1230 2116 1381 2200 prandiis

243 2222 344 2298 uesci,
376 2219 522 2304 perendie
551 2239 585 2286 se
618 2221 718 2303 magis
750 2219 833 2287 aelle
861 2220 1023 2302 proficisci.
1056 2223 1138 2303 quod
1166 2219 1381 2286 coustitutum

243 2322 418 2390 maturauit
449 2322 582 2406 implere
614 2322 820 2391 enucleam
850 2324 946 2390 tantis
975 2322 1202 2391 comitantibus
1231 2340 1380 2405 egressm

241 2429 305 2506 est,
338 2430 376 2493 ui
405 2444 503 2510 paene
535 2431 659 2496 deserte
689 2429 762 2496 uros
792 2428 970 2494 discedams
1000 2430 1107 2496 uestro
1135 2427 1281 2510 pontifics
1310 2445 1381 2494 ocr-

244 2532 379 2596 uorstur.
406 2531 513 2597 tantos
536 2530 620 2596 euim
642 2529 677 2595 in
698 2531 788 2598 trouu
810 2531 993 2596 dsuiuxorst
1013 2531 1074 2598 sibi
1095 2531 1227 2598 errato
1240 2529 1414 2608 sincera»

245 2635 281 2697 ut
304 2631 521 2716 captiuitatem
543 2634 656 2702 flerent
673 2651 755 2717 rquos
768 2634 852 2715 apud
866 2634 1004 2717 petriam
1024 2653 1182 2702 remouere
1204 2633 1380 2700 necessitas

244 2735 486 2822 comtriupsbat.
517 2736 588 2808 iude
611 2739 719 2807 tcmsu
740 2735 915 2820 regrediens
937 2736 1064 2822 singule
1085 2740 1268 2802 senctanum·
1283 2736 1381 2803 habi-

243 2841 399 2907 tationum
421 2841 490 2908 locs
511 2841 677 2912 uusitsuit:
707 2841 867 2910 Medianas
888 2841 1016 2922 insulas,
1040 2839 1237 2917 Stoechades,
1259 2840 1382 2907 lerum

244 2943 406 3027 ipsamque
428 2947 584 3013 nutricem
599 2964 794 3013 summorum
808 2947 963 3013 montium
978 2945 1106 3031 planam
1121 2945 1269 3012 Ireriuum
1283 2945 1381 3022 adiit,

298 3183 518 3269 Immeutii'
610 3187 845 3255 interperetsmL
938 3187 1117 3242 tiaricaB⁸
1212 3187 1385 3242 airam

247 3285 272 3338 Τ
371 3256 500 3342 adsiduus
523 3289 551 3342 Β
653 3289 777 3344 includat
794 3293 902 3345 seretur
927 3292 953 3344 Τ
968 3295 993 3344 et
1011 3290 1139 3346 Βοιοιίιιε
1241 3291 1382 3362 icordis]

244 3370 332 3425 caedis
352 3371 434 3427 Siren.
530 3375 676 3443 penitralia
693 3376 721 3430 Β
816 3375 1011 3430 ducueraudse
1024 3375 1060 3442 Β,
1087 3375 1237 3430 uenerande
1251 3375 1310 3430 LV

246 3493 276 3546 11
301 3508 352 3563 quo
376 3491 438 3559 LV,
468 3495 565 3565 quT,
597 3495 703 3564 quaudo
730 3459 814 3551 Sim.
922 3496 1051 3574 promisse
1077 3496 1106 3549 B
1207 3496 1252 3550 hic
1277 3497 1308 3552 Β

245 3595 278 3649 12
296 3578 430 3674 uaiedicte
449 3596 490 3666 B,
519 3597 653 3653 ualedicto
672 3597 745 3654 dicto
768 3602 794 3654 Τ
896 3600 1006 3656 dicessit
1031 3601 1057 3655 T
1158 3601 1191 3654 13
1214 3604 1244 3655 at
1266 3599 1307 3656 L¹

244 3687 426 3750 praecator-um
444 3681 472 3736 Β
558 3687 678 3738 secutoro
695 3684 723 3738 B
816 3686 850 3738 14
867 3683 970 3754 aepulis
988 3685 1016 3739 B
1103 3687 1135 3740 15
1153 3685 1262 3756 pulluta
1278 3685 1307 3740 Β

242 3786 358 3840 conuiua
374 3785 412 3852 Β,
440 3751 584 3839 οοιιιιὶιιῐ1
668 3788 819 3841 normanie
838 3786 865 3842 Β
955 3787 989 3841 16
1006 3773 1093 3842 eesL
1197 3785 1229 3842 17
1247 3789 1319 3843 uesci
1341 3791 1386 3860 pa]

242 3885 290 3925 uer
312 3871 437 3939 perendie
455 3872 500 3940 Β,
528 3887 635 3943 uespere
661 3872 787 3929 Sdcottea
891 3875 923 3928 18
946 3874 1119 3928 eomitatibus
1144 3873 1171 3928 Τ
1270 3875 1306 3929 20
1330 3877 1386 3932 de
1450 3917 1451 3926 ,

242 3959 380 4014 semme
399 3957 485 4012 ιιι
583 3958 619 4012 aa
640 3957 880 4014 senseramus
955 3957 995 4013 ae
1010 3956 1174 4014 ιιιοιιιιιιι
1191 3963 1261 4016 eoas
1279 3961 1387 4033 urus,

243 4041 367 4112 cycltdue
395 4043 485 4112 BLV,
515 4045 630 4102 ciclades
660 4047 728 4099 Τ
801 4046 837 4101 24
862 4047 1031 4103 montium
1019 4065 1038 4100 ι.
1045 4062 1080 4103 ..ιι
1103 4047 1307 4115 episcopum
1344 4055 1389 4118 ef.
1450 4071 1451 4108 ι

247 4128 373 4187 Caesarii
389 4131 467 4187 Aret.
485 4130 587 4186 Homit.
605 4133 655 4186 25:
684 4131 759 4186 beate
781 4133 808 4185 et
831 4131 896 4206 felin
918 4132 1008 4187 insule
1030 4131 1195 4196 utinensis,
1223 4147 1290 4202 quae
1311 4149 1389 4192 cum
1450 4109 1451 4204 1

243 4229 327 4283 parus
344 4217 373 4268 ct
389 4216 470 4284 plena
487 4233 543 4270 esse
562 4217 699 4283 uideatur,
716 4217 932 4272 innumerabiles
955 4222 1045 4272 tamon
1069 4219 1199 4272 montes
1218 4217 1252 4272 ad
1269 4220 1390 4280 coelum
1450 4211 1451 4270 1

244 4299 349 4354 misisse
367 4301 538 4370 cognoscitur
614 4341 618 4350 .
