2934 4934
563 386 679 443 Dictis
699 387 783 443 XXV.
1175 390 1238 458 501

106 577 297 645 caelicolum
330 576 504 661 potentiam
539 581 594 643 aut
626 577 738 645 liceret
772 576 950 662 posteritati
987 576 1125 645 conterre
1159 578 1242 659 quod

105 682 243 767 possidet
281 682 337 747 aut
379 682 459 747 canis
493 679 711 748 decidentibus
748 699 804 764 pro
838 680 1074 749 hmeutatieuis
1106 682 1242 747 termino

105 786 234 853 deretur
255 786 446 874 occumbere.
485 782 648 851 inferiores
672 783 852 851 homiuibus
867 802 976 853 sumus
991 784 1105 867 quibus
1119 782 1240 850 similes

103 907 259 973 paremus,
281 893 314 955 iu
339 890 398 955 hoo
420 887 557 954 deterius
579 887 751 955 Parcarum
779 885 917 955 ludibrio
937 885 1145 964 subiacentes,
1168 889 1241 970 quia

81 994 265 1059 suescimus
287 993 384 1059 exitia
405 990 589 1076 pignoribus
611 991 777 1075 obligatae.
811 1003 995 1074 superorum
1017 989 1161 1074 maxime,
1185 992 1241 1057 aut

103 1096 283 1180 prosapiem
306 1098 447 1163 uestram
469 1096 587 1162 subduc
607 1093 749 1161 fortuitis
771 1099 828 1161 aut
850 1113 907 1161 uos
920 1112 976 1179 pro
998 1092 1144 1160 beneficii
1166 1110 1242 1159 cen-

102 1200 223 1266 lntioue
246 1200 419 1266 summitte.
454 1198 548 1265 liceat
570 1216 626 1281 pre
649 1208 732 1275 care,
755 1198 783 1265 si
804 1216 866 1264 uon
888 1198 1043 1266 uincimus
1064 1196 1239 1277 interitum,

102 1304 157 1370 uel
178 1303 293 1371 subire.
332 1307 397 1370 stat
427 1306 500 1371 aute
532 1302 637 1369 oculos
671 1320 758 1369 meos
789 1303 921 1383 orbitas,
950 1300 1066 1373 idcirce
1094 1300 1240 1380 deterior,

103 1406 180 1489 quia
200 1406 291 1474 illam
313 1424 368 1492 pro
390 1406 588 1474 aeternitatis
617 1424 706 1473 meae
727 1406 926 1473 sublimitate
946 1404 1113 1488 prassoiui.
1150 1405 1240 1470 olu-

68 1536 93 1577 ro
102 1508 241 1593 gendum
274 1510 441 1577 numinum
474 1510 678 1588 felicitatem,
712 1526 787 1575 eum
818 1508 899 1575 illud
927 1510 1010 1592 quod
1032 1507 1072 1574 de
1101 1506 1241 1573 aduersis

101 1611 246 1697 ignorari
273 1629 335 1678 neu
363 1612 437 1679 licet
464 1630 526 1678 nou
553 1612 687 1681 donatur
715 1614 873 1679 auertmci
908 1609 1053 1679 recordor
1074 1609 1240 1694 praeteriti

102 1715 350 1783 sollicitudiuem
378 1716 529 1800 temporis
550 1720 582 1783 et
604 1736 694 1784 curas
716 1734 814 1797 meas,
840 1716 954 1800 quibus
976 1715 1167 1799 nequiquam
1189 1716 1239 1781 iu·

102 1820 248 1902 uigilaui,
271 1818 462 1885 reminiscor.
497 1819 571 1903 quid
594 1819 713 1899 proluit
734 1818 863 1903 Stygiae
884 1817 1011 1903 paludis
1033 1816 1148 1885 anulio
1171 1819 1239 1884 nati

101 1941 214 2007 cerpus
248 1927 415 2002 armatum,
448 1926 524 1991 durn
556 1921 648 2006 illud,
682 1923 765 2007 quod
794 1940 814 1988 a
841 1920 932 1989 uobis
964 1940 1086 1988 sumere
1119 1920 1239 2002 debuit,

66 2050 90 2090 ιι
101 2042 325 2113 quaereremus
348 2044 367 2090 a
389 2026 535 2112 gurgite?
562 2025 595 2093 iu
617 2026 768 2093 membris
789 2026 886 2110 prohs
909 2030 1045 2106 nostrae,
1068 2044 1162 2109 quem
1184 2028 1241 2093 dee

100 2129 215 2209 tenuit,
247 2128 333 2195 locus
357 2130 405 2195 eet
433 2130 582 2197 uolueris.
617 2148 674 2197 eur
699 2149 763 2198 nou
784 2130 954 2197 lemuribus
980 2130 1088 2215 digitis
1110 2128 1240 2213 lympha

100 2251 137 2299 ee
159 2232 295 2309 miscuit,
320 2236 356 2297 ut
371 2250 407 2298 er
422 2234 489 2298 tete
505 2232 688 2301 exclusisset
700 2234 785 2301 iotus
806 2233 930 2318 superis
943 2233 1028 2301 unda
1048 2230 1238 2300 sublimior?

100 2337 178 2420 quid
211 2336 309 2403 etiam
341 2337 423 2405 iuuit
446 2336 588 2405 Chironis
618 2338 749 2423 elegiae
781 2337 1009 2423 magisterium,
1039 2336 1094 2420 qui
1123 2335 1238 2402 aetatis

62 2542 247 2626 recallibue,
272 2548 307 2609 ut
329 2543 449 2611 bellurn
464 2544 530 2611 filio
552 2546 703 2629 placeret,
725 2545 926 2612 iuuenimusr·
945 2545 1029 2629 apud
1051 2544 1238 2611 monitorem

98 2646 311 2713 tortisumum
345 2652 451 2714 ectum
474 2652 533 2727 est,
568 2652 604 2714 ut
626 2648 721 2730 uires,
755 2666 836 2732 quae
858 2648 1076 2731 sequebantur,
1107 2648 1239 2715 consilia

98 2768 163 2816 uon
196 2749 356 2818 haberent.
406 2751 476 2835 quis
508 2752 703 2817 miscendum
739 2750 930 2817 feminarum
967 2750 1095 2818 latebris
1130 2750 1238 2819 uirum

97 2870 243 2937 saporem
273 2854 369 2919 uellet
397 2853 522 2921 haurire
550 2854 731 2921 certaminis
760 2857 792 2921 et
813 2854 885 2920 iude
914 2854 1077 2938 presideat
1102 2854 1237 2938 pignori,

97 2958 184 3022 uude
207 2955 285 3021 facit
306 2958 407 3039 perire
429 2959 511 3041 qued
532 2959 700 3041 prouidstt
732 2958 798 3025 iam
820 2958 949 3025 duratas
971 2956 1103 3042 spiculis
1125 2966 1237 3024 muuus

61 3057 139 3123 uad
162 3058 304 3126 calathos
325 3059 545 3146 frangebamus
561 3066 592 3128 et
614 3062 685 3128 illos
707 3062 862 3141 humeros,
886 3079 964 3145 quos
985 3060 1115 3145 spoliati
1137 3061 1237 3128 leonis

94 3164 189 3243 terga
210 3162 431 3246 calefecerant,
461 3183 538 3232 anre
564 3165 715 3233 distincta
737 3166 790 3231 uel
812 3164 934 3232 murice
955 3166 1040 3248 palla
1062 3163 1237 3234 claudebat.

96 3283 161 3330 nou
195 3264 298 3332 facilis
332 3267 487 3335 transitus
519 3268 597 3349 fuit,
635 3269 782 3336 iuuenem
815 3272 959 3335 uestrum
992 3269 1132 3354 puellam
1164 3271 1237 3354 post

151 3452 166 3504 1
185 3450 325 3507 caliculum
343 3452 371 3507 Β
467 3450 531 3509 licet
549 3457 577 3509 et
594 3453 622 3509 Β
725 3452 743 3508 2
761 3453 953 3509 decedentibus
973 3454 1000 3510 Τ
1023 3454 1234 3510 descedentibus

94 3537 160 3607 (eto)
188 3536 269 3593 Sim.
382 3540 400 3593 4
426 3554 464 3595 on
490 3538 673 3610 apparemus?
697 3542 747 3596 sed
771 3540 809 3606 cf.
835 3540 927 3597 Gom.
955 3541 979 3606 L
1003 3544 1073 3607 Η
1174 3556 1237 3611 par·

94 3626 190 3679 tarum
219 3624 255 3679 T¹
376 3624 531 3681 subiacente
556 3626 585 3681 Β
705 3629 721 3682 5
748 3626 869 3696 obligare
895 3626 960 3694 PT,
996 3626 1122 3696 obtegere
1151 3628 1167 3682 b

93 3710 312 3781 eprosapieuuic
334 3710 368 3767 Τ*
472 3710 574 3768 subduc
591 3713 634 3779 B,
660 3712 757 3768 subtus
775 3712 868 3768 LPT¹
876 3712 900 3768 V
902 3714 925 3779 b,
953 3713 1047 3767 subter
1063 3712 1168 3811 beel:⁸
1238 3736 1241 3743 ·

93 3814 280 3871 consolatione
309 3815 335 3869 Τ
449 3817 464 3871 7
491 3816 648 3872 summittar
675 3816 717 3882 Β,
748 3818 885 3873 summitti
914 3816 1029 3882 LPVb,
1059 3817 1186 3872 summite
1213 3818 1237 3885 (t

91 3916 115 3959 a.
135 3900 154 3955 l.
173 3904 198 3956 et
215 3916 230 3955 e
248 3916 282 3957 ea
300 3900 310 3954 i
329 3901 456 3970 corr.)T
555 3902 787 3958 ileublimitetem
805 3899 833 3957 L
937 3903 970 3957 10
986 3902 1122 3957 luminum
1140 3903 1168 3958 L
1231 3913 1235 3922 ·

93 3988 127 4042 11
157 3984 296 4042 aduertere
326 3988 361 4043 T*
484 3988 516 4042 12
543 3988 719 4057 nequicquam
748 3989 814 4044 ΡΤ.
917 3988 950 4043 13
977 3990 1103 4044 remissor
1129 3988 1167 4043 L¹

93 4072 130 4125 15
148 4085 202 4139 qua
213 4070 247 4126 de
258 4087 290 4126 ea
308 4070 335 4127 T
427 4072 461 4126 16
480 4073 583 4143 limpha
601 4072 660 4140 ΡΤ,
688 4073 812 4143 lymphas
830 4073 918 4129 BLV
1012 4075 1046 4129 18
1057 4074 1131 4130 iuuit
1142 4073 1235 4141 Sirra,

91 4156 175 4211 iubet
191 4156 369 4223 BLPPVb,
396 4159 475 4214 iuuat
496 4160 538 4225 T',
565 4160 642 4213 iuuet
660 4161 730 4215 coni.
745 4159 872 4215 Βάιοαιιι
968 4160 1092 4230 chyrouis
1111 4159 1168 4216 LV

92 4242 258 4312 magistrum
277 4244 315 4299 Β
419 4245 454 4301 ab
471 4244 634 4301 munitorum
653 4246 681 4301 Β
784 4246 820 4301 23
836 4246 981 4302 certamini
999 4246 1037 4301 L¹
1140 4246 1174 4303 25
1192 4264 1236 4304 ea·

91 4331 167 4385 latos
185 4331 248 4396 LV,
276 4332 381 4387 caletus
400 4333 427 4387 Β
531 4346 634 4387 umeros
652 4333 740 4388 BLV
