2934 4934
110 330 117 340 “
230 329 296 399 440
592 326 704 399 Msgni
717 327 851 404 ¹Felicis
869 327 1004 383 Euhodi.

231 519 361 601 perante
389 518 531 585 transeat
556 518 595 588 ,in
625 520 787 586 naturam:
821 520 903 587 adsit
936 521 1053 586 muniis
1082 522 1198 587 uostris
1227 522 1371 606 aequalis

230 624 386 705 operatio:
420 622 584 705 conposite
618 622 773 689 seruitute
800 623 930 689 beatum
958 628 1079 690 crescet
1111 627 1280 709 imperium
1309 644 1370 692 nec

232 726 393 792 subiaceat
416 726 554 792 moribus
576 727 631 809 qui
653 727 831 809 praeminet
854 728 1019 813 dignitate.
1047 748 1102 811 per
1124 730 1287 795 dominum
1313 750 1371 797 no-

232 832 334 897 strum
355 830 459 895 Iesum
487 830 655 897 Christum.

591 1016 724 1072 ORATIO
742 1016 839 1071 ANTE
858 1016 1004 1072 trussell.
1393 1034 1406 1074 ⁵

272 1137 420 1206 Gonletor
447 1140 601 1205 bonorum
629 1140 723 1219 deus,
754 1141 806 1206 oui
835 1140 966 1206 effectus
994 1140 1028 1205 in
1051 1142 1125 1205 noto
1155 1144 1222 1225 est,
1252 1141 1371 1225 quide

231 1243 333 1309 medio
349 1244 457 1326 populi
472 1244 604 1328 Moysen.
622 1242 655 1309 in
679 1245 850 1327 prophetoe
866 1263 999 1329 persons
1012 1243 1172 1311 dedicasti.
1202 1264 1277 1311 nsm
1291 1248 1371 1311 dum

232 1348 376 1430 queritur
391 1346 428 1413 de
443 1347 662 1427 inbecillitate,
681 1349 713 1413 te
731 1354 859 1414 auctore
870 1348 1048 1415 conuoluitr
1061 1349 1199 1431 sumpsit
1215 1349 1371 1414 meritum

232 1449 407 1533 pontificis,
439 1451 513 1515 dum
541 1451 644 1515 iustus
673 1452 722 1515 sui
753 1453 871 1518 arbiter
892 1471 926 1517 se
949 1451 1139 1517 uociferatus
1168 1451 1215 1517 nil
1243 1454 1371 1533 mereri,

234 1556 284 1620 cni
308 1556 426 1638 apicem
449 1556 572 1619 actione
595 1556 766 1621 sublimem
789 1556 968 1621 conciliauit
997 1556 1174 1622 humilitus.
1198 1554 1237 1620 dn
1260 1574 1406 1637 peteme

231 1660 346 1725 nostris
381 1657 512 1723 exordiis
542 1656 699 1739 gretiam,
734 1660 807 1742 quis
837 1661 1071 1742 propensiorem
1104 1658 1212 1725 deberi
1245 1659 1372 1724 actibus

231 1762 424 1826 declaremus
448 1762 609 1827 offensem.
634 1781 695 1827 non
718 1764 794 1829 sunt
811 1762 966 1829 inusitate
982 1783 1061 1845 quse
1083 1763 1257 1845 poscimus:
1279 1762 1371 1829 beni·

231 1866 336 1948 gnitss
352 1869 407 1929 tua
422 1866 604 1930 testimonio
621 1866 749 1931 tenetur
761 1864 904 1949 exempli.
928 1885 962 1931 eo
975 1866 1058 1932 circe
1070 1884 1126 1931 nos
1138 1865 1199 1931 oris
1213 1865 1372 1931 bonorum

231 1969 399 2051 largitione
422 1968 614 2049 clementior,
637 1986 697 2051 quo
721 1969 901 2035 substantie
923 1975 1031 2036 nostre
1053 1969 1137 2036 fecta
1159 1971 1208 2034 est
1231 1969 1271 2033 de
1291 1988 1371 2052 pec·

233 2073 295 2137 ceti
318 2071 402 2137 fusce
417 2072 595 2153 procliuior.
622 2072 671 2150 do,
695 2074 775 2139 boue
789 2073 969 2155 imperator,
993 2072 1121 2156 dignam
1135 2078 1192 2137 tue
1214 2073 1407 2138 electiones

229 2176 395 2254 uirtutem,
412 2176 487 2258 quie
502 2175 559 2240 sub
575 2175 626 2258 pio
642 2176 782 2258 principe
797 2176 887 2240 nullo
901 2175 1038 2241 militem
1050 2175 1208 2242 decolorat
1223 2176 1372 2243 abiectio.

231 2297 288 2360 por
310 2279 471 2343 dominum
494 2280 636 2345 nostrum
658 2281 764 2344 Iesum
786 2278 957 2346 Christum.

771 2517 826 2581 VI.

394 2703 535 2771 broulo
563 2704 630 2795 [DE
658 2706 908 2773 thssleurols
933 2707 987 2771 ΕΤ
1009 2703 1204 2792 SYNODOJ.

271 2878 330 2945 Pro
352 2880 474 2945 ratione
496 2880 679 2946 soluendum
702 2885 752 2944 est
774 2883 854 2963 quod
877 2897 932 2963 pro
954 2880 1076 2945 ratione
1092 2880 1267 2945 tacuimus:
1289 2898 1407 2945 namn

228 2985 264 3046 ut
285 2984 393 3065 petest
415 2986 446 3047 et
468 2983 594 3067 linguae
618 2986 743 3049 nostres
766 2982 869 3049 officis
885 2988 918 3049 ot
940 2982 1105 3048 silentium
1123 2982 1276 3048 ordinetis
1297 3002 1374 3047 ser-

228 3087 312 3151 uisse
327 3086 532 3168 temporibus,
547 3086 608 3153 fide
623 3088 770 3153 hortante
785 3085 819 3151 in
834 3086 973 3153 officium
991 3086 1142 3151 sermonis
1159 3085 1372 3168 erumpimus.

229 3187 314 3252 idem
337 3191 420 3255 enim
443 3194 491 3255 est
514 3210 707 3275 superuacuo
729 3190 816 3273 loqui
837 3190 922 3273 quob
942 3190 1116 3256 necessarie
1139 3208 1201 3255 non
1223 3190 1374 3255 locutum

281 3394 294 3447 l
314 3395 450 3449 mstnrsm
467 3394 496 3449 Β
591 3395 714 3463 aequales
733 3394 762 3447 Β
856 3391 1056 3463 tdignitstem
1074 3392 1102 3447 li
1196 3391 1374 3446 lchristum

228 3508 366 3569 domiuum
391 3514 417 3569 Τ
518 3513 607 3569 Iesum
624 3514 767 3571 Christum
784 3531 835 3570 om.
852 3514 948 3581 M'V3
974 3515 1037 3569 finit
1054 3513 1121 3569 cdd.
1138 3512 1167 3568 Β
1269 3513 1287 3567 6
1304 3528 1375 3598 oon·

228 3636 299 3691 neor
316 3600 440 3691 ”cnorum
458 3635 486 3689 n
590 3636 605 3689 r
623 3636 719 3706 meuc]
738 3650 797 3691 meo
814 3635 843 3691 s
937 3634 1024 3705 moyn
1041 3636 1069 3689 n
1162 3599 1375 3719 euticheten

228 3738 263 3804 B,
290 3740 483 3796 imbecellitsts
500 3741 539 3796 Β
624 3744 714 3796 actore
735 3742 761 3793 Τ
845 3739 1103 3795 ouooueresLTV
1186 3740 1220 3793 10
1230 3739 1375 3794 sotionem

228 3826 593 3893 (minturnensem)
616 3828 644 3881 B
748 3826 848 3881 sublim
873 3827 899 3880 Τ
1000 3823 1298 3895 psuremltercs.)11

229 3912 263 3967 14
285 3914 401 3982 peccetis
425 3912 453 3966 L
555 3912 589 3968 16
613 3912 690 3967 nulls
712 3910 816 3966 (ΜΤ
918 3911 950 3965 17
975 3912 1099 3964 nostrum
1115 3908 1206 3963 Iesum
1224 3907 1374 3965 Christum

228 4015 279 4057 orer
297 3998 391 4061 LTV;
417 3998 480 4053 fluit
497 3998 563 4053 adel.
582 3998 609 4052 B

279 4100 326 4157 VL
355 4102 395 4157 De
412 4101 554 4157 haereticis
572 4106 600 4155 et
617 4100 725 4171 synodo.
753 4101 834 4157 Sscrs
852 4104 927 4155 sorte
944 4101 1030 4157 isson·
1045 4098 1138 4166 Sim„
1160 4112 1212 4153 ooo.
1231 4097 1297 4152 libro·

227 4189 263 4243 21
288 4188 381 4258 lingue
409 4188 437 4243 Β
556 4188 591 4243 22
616 4191 724 4245 sitente
752 4188 781 4243 Β
901 4187 936 4242 23
964 4201 1129 4256 superueous
1154 4185 1243 4253 eloqui
1269 4184 1297 4239 Β

228 4276 389 4329 nocesmise
409 4274 497 4329 BLV
