<?xml version="1.0" encoding="UTF-8"?>
<!DOCTYPE html PUBLIC "-//W3C//DTD XHTML 1.0 Transitional//EN"
    "http://www.w3.org/TR/xhtml1/DTD/xhtml1-transitional.dtd">
<html xmlns="http://www.w3.org/1999/xhtml" xml:lang="en" lang="en">
 <head>
  <title>
</title>
<meta http-equiv="Content-Type" content="text/html;charset=utf-8" />
  <meta name='ocr-system' content='tesseract 3.04.00' />
  <meta name='ocr-capabilities' content='ocr_page ocr_carea ocr_par ocr_line ocrx_word'/>
</head>
<body>
  <div class='ocr_page' id='page_1' title='image "./corpusscriptoru13wissgoog_0147.png"; bbox 0 0 2934 4934; ppageno 0'>
   <div class='ocr_carea' id='block_1_1' title="bbox 462 410 1224 485">
    <p class='ocr_par' dir='ltr' id='par_1_1' title="bbox 462 410 1224 485">
     <span class='ocr_line' id='line_1_1' title="bbox 462 410 1224 485; baseline 0.008 -16"><span class='ocrx_word' id='word_1_1' title='bbox 462 414 702 485; x_wconf 70' lang='lat' dir='ltr'><strong>Epistularum</strong></span> <span class='ocrx_word' id='word_1_2' title='bbox 720 414 811 470; x_wconf 86' lang='lat' dir='ltr'>liber</span> <span class='ocrx_word' id='word_1_3' title='bbox 830 414 866 471; x_wconf 89' lang='lat'>11.</span> <span class='ocrx_word' id='word_1_4' title='bbox 1182 410 1224 475; x_wconf 88' lang='grc'>43</span> 
     </span>
    </p>
   </div>
   <div class='ocr_carea' id='block_1_2' title="bbox 99 594 1223 694">
    <p class='ocr_par' dir='ltr' id='par_1_2' title="bbox 99 594 1223 694">
     <span class='ocr_line' id='line_1_2' title="bbox 99 594 1223 694; baseline 0.003 -20"><span class='ocrx_word' id='word_1_5' title='bbox 99 611 157 676; x_wconf 90' lang='lat' dir='ltr'>iam</span> <span class='ocrx_word' id='word_1_6' title='bbox 172 612 303 678; x_wconf 88' lang='lat' dir='ltr'>statutis</span> <span class='ocrx_word' id='word_1_7' title='bbox 317 610 462 679; x_wconf 88' lang='lat' dir='ltr'>fidelibus</span> <span class='ocrx_word' id='word_1_8' title='bbox 478 610 668 694; x_wconf 74' lang='lat' dir='ltr'><strong>obligatam:</strong></span> <span class='ocrx_word' id='word_1_9' title='bbox 691 626 747 693; x_wconf 85' lang='lat' dir='ltr'>ego</span> <span class='ocrx_word' id='word_1_10' title='bbox 763 610 923 689; x_wconf 86' lang='lat' dir='ltr'>tamqnam</span> <span class='ocrx_word' id='word_1_11' title='bbox 940 609 977 673; x_wconf 93' lang='lat' dir='ltr'>de</span> <span class='ocrx_word' id='word_1_12' title='bbox 994 610 1092 677; x_wconf 86' lang='lat' dir='ltr'>bonae</span> <span class='ocrx_word' id='word_1_13' title='bbox 1107 594 1223 677; x_wconf 80' lang='lat' dir='ltr'>arboris</span> 
     </span>
    </p>
   </div>
   <div class='ocr_carea' id='block_1_3' title="bbox 20 712 1225 2431">
    <p class='ocr_par' dir='ltr' id='par_1_3' title="bbox 20 712 1225 2431">
     <span class='ocr_line' id='line_1_3' title="bbox 99 712 1223 797; baseline 0.001 -19"><span class='ocrx_word' id='word_1_14' title='bbox 99 717 208 796; x_wconf 86' lang='lat' dir='ltr'>reditu,</span> <span class='ocrx_word' id='word_1_15' title='bbox 243 716 290 781; x_wconf 90' lang='lat' dir='ltr'>ita</span> <span class='ocrx_word' id='word_1_16' title='bbox 311 715 349 781; x_wconf 94' lang='lat' dir='ltr'>de</span> <span class='ocrx_word' id='word_1_17' title='bbox 372 716 502 781; x_wconf 85' lang='lat' dir='ltr'>caritate</span> <span class='ocrx_word' id='word_1_18' title='bbox 532 715 641 778; x_wconf 88' lang='lat' dir='ltr'>mutua</span> <span class='ocrx_word' id='word_1_19' title='bbox 670 712 797 777; x_wconf 89' lang='lat' dir='ltr'>idoneus</span> <span class='ocrx_word' id='word_1_20' title='bbox 820 728 909 795; x_wconf 89' lang='lat' dir='ltr'>carpo</span> <span class='ocrx_word' id='word_1_21' title='bbox 932 730 1023 794; x_wconf 90' lang='lat' dir='ltr'>poma</span> <span class='ocrx_word' id='word_1_22' title='bbox 1051 730 1223 797; x_wconf 81' lang='lat' dir='ltr'>possessor:</span> 
     </span>
     <span class='ocr_line' id='line_1_4' title="bbox 97 814 1225 903; baseline -0.002 -20"><span class='ocrx_word' id='word_1_23' title='bbox 97 820 182 885; x_wconf 89' lang='lat' dir='ltr'>nulla</span> <span class='ocrx_word' id='word_1_24' title='bbox 203 818 343 902; x_wconf 87' lang='lat' dir='ltr'>partium</span> <span class='ocrx_word' id='word_1_25' title='bbox 373 818 408 883; x_wconf 89' lang='lat' dir='ltr'>in</span> <span class='ocrx_word' id='word_1_26' title='bbox 430 818 559 901; x_wconf 86' lang='lat' dir='ltr'>aucupio</span> <span class='ocrx_word' id='word_1_27' title='bbox 592 814 787 881; x_wconf 81' lang='lat' dir='ltr'>discessionis</span> <span class='ocrx_word' id='word_1_28' title='bbox 810 815 888 897; x_wconf 91' lang='lat' dir='ltr'>quod</span> <span class='ocrx_word' id='word_1_29' title='bbox 912 814 976 879; x_wconf 87' lang='lat' dir='ltr'>fieri</span> <span class='ocrx_word' id='word_1_30' title='bbox 998 816 1100 881; x_wconf 92' lang='lat' dir='ltr'>uoluit</span> <span class='ocrx_word' id='word_1_31' title='bbox 1133 819 1225 903; x_wconf 83' lang='lat' dir='ltr'>neget</span> 
     </span>
     <span class='ocr_line' id='line_1_5' title="bbox 97 914 1222 1005; baseline 0.002 -20"><span class='ocrx_word' id='word_1_32' title='bbox 97 922 260 1005; x_wconf 88' lang='lat' dir='ltr'>inpletum.</span> <span class='ocrx_word' id='word_1_33' title='bbox 298 921 381 1005; x_wconf 88' lang='lat' dir='ltr'>apud</span> <span class='ocrx_word' id='word_1_34' title='bbox 402 923 494 987; x_wconf 91' lang='lat' dir='ltr'>deum</span> <span class='ocrx_word' id='word_1_35' title='bbox 517 921 598 984; x_wconf 88' lang='lat' dir='ltr'>uotis</span> <span class='ocrx_word' id='word_1_36' title='bbox 622 923 677 983; x_wconf 91' lang='lat' dir='ltr'>aut</span> <span class='ocrx_word' id='word_1_37' title='bbox 699 919 885 1001; x_wconf 89' lang='lat' dir='ltr'>supplicium</span> <span class='ocrx_word' id='word_1_38' title='bbox 908 920 1037 984; x_wconf 86' lang='lat' dir='ltr'>debetur</span> <span class='ocrx_word' id='word_1_39' title='bbox 1058 926 1112 985; x_wconf 89' lang='lat' dir='ltr'>aut</span> <span class='ocrx_word' id='word_1_40' title='bbox 1133 914 1222 1005; x_wconf 78' lang='lat' dir='ltr'>prae·</span> 
     </span>
     <span class='ocr_line' id='line_1_6' title="bbox 77 1021 1223 1110; baseline 0.004 -27"><span class='ocrx_word' id='word_1_41' title='bbox 77 1025 206 1090; x_wconf 77' lang='lat' dir='ltr'>emium.</span> <span class='ocrx_word' id='word_1_42' title='bbox 231 1044 287 1110; x_wconf 86' lang='lat' dir='ltr'>ego</span> <span class='ocrx_word' id='word_1_43' title='bbox 306 1027 339 1089; x_wconf 93' lang='lat' dir='ltr'>in</span> <span class='ocrx_word' id='word_1_44' title='bbox 355 1045 405 1090; x_wconf 92' lang='lat' dir='ltr'>me</span> <span class='ocrx_word' id='word_1_45' title='bbox 427 1022 577 1107; x_wconf 76' lang='lat' dir='ltr'>religiosi,</span> <span class='ocrx_word' id='word_1_46' title='bbox 601 1023 632 1087; x_wconf 94' lang='lat' dir='ltr'>in</span> <span class='ocrx_word' id='word_1_47' title='bbox 656 1022 745 1087; x_wconf 88' lang='lat' dir='ltr'>uobis</span> <span class='ocrx_word' id='word_1_48' title='bbox 768 1021 957 1087; x_wconf 87' lang='lat' dir='ltr'>nobilissimi</span> <span class='ocrx_word' id='word_1_49' title='bbox 979 1024 1223 1091; x_wconf 80' lang='lat' dir='ltr'>consideratione</span> 
     </span>
     <span class='ocr_line' id='line_1_7' title="bbox 96 1126 1222 1211; baseline 0.002 -20"><span class='ocrx_word' id='word_1_50' title='bbox 96 1128 246 1211; x_wconf 82' lang='lat' dir='ltr'>propositi</span> <span class='ocrx_word' id='word_1_51' title='bbox 268 1129 308 1193; x_wconf 91' lang='lat' dir='ltr'>ad</span> <span class='ocrx_word' id='word_1_52' title='bbox 331 1128 474 1194; x_wconf 87' lang='lat' dir='ltr'>effectum</span> <span class='ocrx_word' id='word_1_53' title='bbox 503 1127 585 1192; x_wconf 90' lang='lat' dir='ltr'>iuter</span> <span class='ocrx_word' id='word_1_54' title='bbox 607 1144 661 1190; x_wconf 91' lang='lat' dir='ltr'>nos</span> <span class='ocrx_word' id='word_1_55' title='bbox 685 1126 865 1190; x_wconf 87' lang='lat' dir='ltr'>concordiae</span> <span class='ocrx_word' id='word_1_56' title='bbox 888 1126 1018 1193; x_wconf 85' lang='lat' dir='ltr'>aestimo</span> <span class='ocrx_word' id='word_1_57' title='bbox 1044 1130 1222 1211; x_wconf 90' lang='lat' dir='ltr'>peruenisse</span> 
     </span>
     <span class='ocr_line' id='line_1_8' title="bbox 96 1228 1221 1315; baseline -0.002 -18"><span class='ocrx_word' id='word_1_58' title='bbox 96 1252 175 1315; x_wconf 89' lang='lat' dir='ltr'>quae</span> <span class='ocrx_word' id='word_1_59' title='bbox 191 1236 397 1315; x_wconf 80' lang='lat' dir='ltr'>coepissent,</span> <span class='ocrx_word' id='word_1_60' title='bbox 421 1248 479 1295; x_wconf 89' lang='lat' dir='ltr'>neo</span> <span class='ocrx_word' id='word_1_61' title='bbox 493 1228 744 1295; x_wconf 88' lang='lat' dir='ltr'>adulescentibus</span> <span class='ocrx_word' id='word_1_62' title='bbox 761 1228 880 1313; x_wconf 84' lang='lat' dir='ltr'>gratiae</span> <span class='ocrx_word' id='word_1_63' title='bbox 894 1230 926 1294; x_wconf 91' lang='lat' dir='ltr'>et</span> <span class='ocrx_word' id='word_1_64' title='bbox 940 1231 972 1293; x_wconf 94' lang='lat' dir='ltr'>in</span> <span class='ocrx_word' id='word_1_65' title='bbox 991 1248 1103 1296; x_wconf 87' lang='lat' dir='ltr'>nouam</span> <span class='ocrx_word' id='word_1_66' title='bbox 1120 1232 1221 1296; x_wconf 88' lang='lat' dir='ltr'>lucem</span> 
     </span>
     <span class='ocr_line' id='line_1_9' title="bbox 96 1331 1221 1419; baseline -0.001 -19"><span class='ocrx_word' id='word_1_67' title='bbox 96 1334 332 1419; x_wconf 82' lang='lat' dir='ltr'>erumpentibus</span> <span class='ocrx_word' id='word_1_68' title='bbox 365 1333 507 1419; x_wconf 78' lang='lat' dir='ltr'>frugibus</span> <span class='ocrx_word' id='word_1_69' title='bbox 541 1333 706 1398; x_wconf 89' lang='lat' dir='ltr'>uerborum</span> <span class='ocrx_word' id='word_1_70' title='bbox 736 1331 823 1415; x_wconf 88' lang='lat' dir='ltr'>potui</span> <span class='ocrx_word' id='word_1_71' title='bbox 854 1352 968 1417; x_wconf 81' lang='lat' dir='ltr'>negare</span> <span class='ocrx_word' id='word_1_72' title='bbox 992 1336 1221 1409; x_wconf 78' lang='lat' dir='ltr'>commercium,</span> 
     </span>
     <span class='ocr_line' id='line_1_10' title="bbox 20 1434 1223 1523; baseline -0.001 -21"><span class='ocrx_word' id='word_1_73' title='bbox 20 1441 21 1502; x_wconf 79' lang='lat' dir='ltr'>i</span> <span class='ocrx_word' id='word_1_74' title='bbox 96 1459 167 1504; x_wconf 87' lang='lat' dir='ltr'>cunr</span> <span class='ocrx_word' id='word_1_75' title='bbox 191 1440 284 1520; x_wconf 88' lang='lat' dir='ltr'>culpa</span> <span class='ocrx_word' id='word_1_76' title='bbox 306 1436 418 1523; x_wconf 84' lang='lat' dir='ltr'>dignus</span> <span class='ocrx_word' id='word_1_77' title='bbox 442 1435 484 1500; x_wconf 89' lang='lat' dir='ltr'>sit</span> <span class='ocrx_word' id='word_1_78' title='bbox 506 1436 560 1519; x_wconf 89' lang='lat' dir='ltr'>qui</span> <span class='ocrx_word' id='word_1_79' title='bbox 583 1435 616 1499; x_wconf 93' lang='lat' dir='ltr'>in</span> <span class='ocrx_word' id='word_1_80' title='bbox 638 1435 804 1500; x_wconf 85' lang='lat' dir='ltr'>uicinitate</span> <span class='ocrx_word' id='word_1_81' title='bbox 838 1434 958 1518; x_wconf 87' lang='lat' dir='ltr'>positus</span> <span class='ocrx_word' id='word_1_82' title='bbox 981 1436 1082 1501; x_wconf 86' lang='lat' dir='ltr'>noluit</span> <span class='ocrx_word' id='word_1_83' title='bbox 1104 1438 1223 1519; x_wconf 85' lang='lat' dir='ltr'>primus</span> 
     </span>
     <span class='ocr_line' id='line_1_11' title="bbox 65 1540 1222 1625; baseline -0.001 -19"><span class='ocrx_word' id='word_1_84' title='bbox 65 1560 86 1597; x_wconf 85' lang='lat'>1⁰</span> <span class='ocrx_word' id='word_1_85' title='bbox 95 1543 245 1625; x_wconf 86' lang='lat' dir='ltr'>incipere.</span> <span class='ocrx_word' id='word_1_86' title='bbox 284 1543 316 1606; x_wconf 91' lang='lat' dir='ltr'>in</span> <span class='ocrx_word' id='word_1_87' title='bbox 337 1543 397 1607; x_wconf 88' lang='lat' dir='ltr'>hac</span> <span class='ocrx_word' id='word_1_88' title='bbox 420 1559 494 1625; x_wconf 82' lang='lat' dir='ltr'>ergo</span> <span class='ocrx_word' id='word_1_89' title='bbox 515 1541 606 1622; x_wconf 88' lang='lat' dir='ltr'>parte</span> <span class='ocrx_word' id='word_1_90' title='bbox 628 1540 754 1621; x_wconf 87' lang='lat' dir='ltr'>pudoris</span> <span class='ocrx_word' id='word_1_91' title='bbox 778 1541 884 1605; x_wconf 87' lang='lat' dir='ltr'>uolens</span> <span class='ocrx_word' id='word_1_92' title='bbox 906 1542 1005 1606; x_wconf 84' lang='lat' dir='ltr'>nitere</span> <span class='ocrx_word' id='word_1_93' title='bbox 1027 1540 1222 1624; x_wconf 90' lang='lat' dir='ltr'>dispendium</span> 
     </span>
     <span class='ocr_line' id='line_1_12' title="bbox 20 1642 1223 1731; baseline -0.002 -22"><span class='ocrx_word' id='word_1_94' title='bbox 20 1647 21 1672; x_wconf 73' lang='lat'>³</span> <span class='ocrx_word' id='word_1_95' title='bbox 95 1647 165 1709; x_wconf 94' lang='lat' dir='ltr'>nolo</span> <span class='ocrx_word' id='word_1_96' title='bbox 188 1645 324 1709; x_wconf 89' lang='lat' dir='ltr'>euadere</span> <span class='ocrx_word' id='word_1_97' title='bbox 345 1644 523 1726; x_wconf 89' lang='lat' dir='ltr'>opinionem</span> <span class='ocrx_word' id='word_1_98' title='bbox 552 1642 720 1719; x_wconf 79' lang='lat' dir='ltr'>temerarii,</span> <span class='ocrx_word' id='word_1_99' title='bbox 756 1642 922 1707; x_wconf 90' lang='lat' dir='ltr'>dummodo</span> <span class='ocrx_word' id='word_1_100' title='bbox 945 1646 982 1709; x_wconf 87' lang='lat' dir='ltr'>ad</span> <span class='ocrx_word' id='word_1_101' title='bbox 1007 1642 1149 1709; x_wconf 83' lang='lat' dir='ltr'>effectum</span> <span class='ocrx_word' id='word_1_102' title='bbox 1173 1662 1223 1731; x_wconf 85' lang='lat' dir='ltr'>me</span> 
     </span>
     <span class='ocr_line' id='line_1_13' title="bbox 20 1744 1222 1830; baseline 0.001 -20"><span class='ocrx_word' id='word_1_103' title='bbox 20 1789 21 1810; x_wconf 67' lang='lat'><em>2</em></span> <span class='ocrx_word' id='word_1_104' title='bbox 95 1750 259 1813; x_wconf 89' lang='lat' dir='ltr'>ostendam</span> <span class='ocrx_word' id='word_1_105' title='bbox 281 1747 460 1830; x_wconf 90' lang='lat' dir='ltr'>peruenisse</span> <span class='ocrx_word' id='word_1_106' title='bbox 474 1744 616 1828; x_wconf 88' lang='lat' dir='ltr'>perfecti.</span> <span class='ocrx_word' id='word_1_107' title='bbox 647 1746 941 1828; x_wconf 90' lang='lat' dir='ltr'>opportunissimum</span> <span class='ocrx_word' id='word_1_108' title='bbox 957 1748 1141 1829; x_wconf 88' lang='lat' dir='ltr'>portitorem</span> <span class='ocrx_word' id='word_1_109' title='bbox 1156 1765 1222 1811; x_wconf 85' lang='lat' dir='ltr'>sar-</span> 
     </span>
     <span class='ocr_line' id='line_1_14' title="bbox 94 1848 1221 1933; baseline -0.002 -18"><span class='ocrx_word' id='word_1_110' title='bbox 94 1851 165 1917; x_wconf 85' lang='lat' dir='ltr'>cina</span> <span class='ocrx_word' id='word_1_111' title='bbox 187 1850 318 1931; x_wconf 86' lang='lat' dir='ltr'>inperiti</span> <span class='ocrx_word' id='word_1_112' title='bbox 346 1851 497 1914; x_wconf 89' lang='lat' dir='ltr'>sermonis</span> <span class='ocrx_word' id='word_1_113' title='bbox 525 1850 650 1914; x_wconf 87' lang='lat' dir='ltr'>oneraui</span> <span class='ocrx_word' id='word_1_114' title='bbox 683 1848 798 1913; x_wconf 85' lang='lat' dir='ltr'>affectu</span> <span class='ocrx_word' id='word_1_115' title='bbox 827 1848 1019 1931; x_wconf 83' lang='lat' dir='ltr'>delinquens,</span> <span class='ocrx_word' id='word_1_116' title='bbox 1053 1868 1221 1933; x_wconf 90' lang='lat' dir='ltr'>perquem</span> 
     </span>
     <span class='ocr_line' id='line_1_15' title="bbox 93 1950 1221 2036; baseline -0.001 -18"><span class='ocrx_word' id='word_1_117' title='bbox 93 1956 145 2036; x_wconf 89' lang='lat' dir='ltr'>qui</span> <span class='ocrx_word' id='word_1_118' title='bbox 168 1953 350 2036; x_wconf 81' lang='lat' dir='ltr'>peccauerit</span> <span class='ocrx_word' id='word_1_119' title='bbox 372 1956 404 2018; x_wconf 92' lang='lat' dir='ltr'>et</span> <span class='ocrx_word' id='word_1_120' title='bbox 426 1952 553 2017; x_wconf 86' lang='lat' dir='ltr'>ueniam</span> <span class='ocrx_word' id='word_1_121' title='bbox 575 1953 713 2015; x_wconf 79' lang='lat' dir='ltr'>meretur</span> <span class='ocrx_word' id='word_1_122' title='bbox 734 1955 768 2015; x_wconf 94' lang='lat' dir='ltr'>et</span> <span class='ocrx_word' id='word_1_123' title='bbox 790 1950 935 2035; x_wconf 87' lang='lat' dir='ltr'>gratiam.</span> <span class='ocrx_word' id='word_1_124' title='bbox 960 1972 1033 2036; x_wconf 85' lang='lat' dir='ltr'>rogo</span> <span class='ocrx_word' id='word_1_125' title='bbox 1049 1954 1221 2035; x_wconf 79' lang='lat' dir='ltr'>ergosalu-</span> 
     </span>
     <span class='ocr_line' id='line_1_16' title="bbox 62 2054 1221 2137; baseline 0.003 -22"><span class='ocrx_word' id='word_1_126' title='bbox 62 2056 227 2121; x_wconf 75' lang='lat' dir='ltr'>stationis</span> <span class='ocrx_word' id='word_1_127' title='bbox 250 2055 454 2121; x_wconf 80' lang='lat' dir='ltr'>effusissimae</span> <span class='ocrx_word' id='word_1_128' title='bbox 476 2054 617 2119; x_wconf 87' lang='lat' dir='ltr'>debitum</span> <span class='ocrx_word' id='word_1_129' title='bbox 639 2054 776 2131; x_wconf 82' lang='lat' dir='ltr'>soluens,</span> <span class='ocrx_word' id='word_1_130' title='bbox 796 2056 840 2132; x_wconf 82' lang='lat' dir='ltr'>ut,</span> <span class='ocrx_word' id='word_1_131' title='bbox 863 2054 889 2118; x_wconf 87' lang='lat' dir='ltr'>ei</span> <span class='ocrx_word' id='word_1_132' title='bbox 911 2074 961 2119; x_wconf 90' lang='lat' dir='ltr'>me</span> <span class='ocrx_word' id='word_1_133' title='bbox 984 2056 1069 2121; x_wconf 91' lang='lat' dir='ltr'>cordi</span> <span class='ocrx_word' id='word_1_134' title='bbox 1091 2056 1221 2137; x_wconf 80' lang='lat' dir='ltr'>habetis,</span> 
     </span>
     <span class='ocr_line' id='line_1_17' title="bbox 92 2156 1221 2239; baseline -0.001 -16"><span class='ocrx_word' id='word_1_135' title='bbox 92 2160 129 2223; x_wconf 91' lang='lat' dir='ltr'>de</span> <span class='ocrx_word' id='word_1_136' title='bbox 152 2160 307 2225; x_wconf 84' lang='lat' dir='ltr'>uberrimi</span> <span class='ocrx_word' id='word_1_137' title='bbox 337 2157 506 2222; x_wconf 86' lang='lat' dir='ltr'>ostendatis</span> <span class='ocrx_word' id='word_1_138' title='bbox 529 2156 699 2222; x_wconf 90' lang='lat' dir='ltr'>directione</span> <span class='ocrx_word' id='word_1_139' title='bbox 723 2156 888 2238; x_wconf 79' lang='lat' dir='ltr'>conloquii,</span> <span class='ocrx_word' id='word_1_140' title='bbox 912 2158 984 2239; x_wconf 89' lang='lat' dir='ltr'>quia</span> <span class='ocrx_word' id='word_1_141' title='bbox 1005 2158 1088 2223; x_wconf 88' lang='lat' dir='ltr'>sicut</span> <span class='ocrx_word' id='word_1_142' title='bbox 1109 2160 1221 2223; x_wconf 89' lang='lat' dir='ltr'>amoris</span> 
     </span>
     <span class='ocr_line' id='line_1_18' title="bbox 92 2260 1222 2344; baseline 0.001 -18"><span class='ocrx_word' id='word_1_143' title='bbox 92 2264 234 2328; x_wconf 76' lang='lat' dir='ltr'>elocutor</span> <span class='ocrx_word' id='word_1_144' title='bbox 245 2264 280 2327; x_wconf 91' lang='lat' dir='ltr'>et</span> <span class='ocrx_word' id='word_1_145' title='bbox 291 2263 429 2344; x_wconf 91' lang='lat' dir='ltr'>copiosus</span> <span class='ocrx_word' id='word_1_146' title='bbox 443 2262 582 2325; x_wconf 78' lang='lat' dir='ltr'>adsertor</span> <span class='ocrx_word' id='word_1_147' title='bbox 596 2278 638 2336; x_wconf 84' lang='lat' dir='ltr'>es,</span> <span class='ocrx_word' id='word_1_148' title='bbox 654 2261 699 2327; x_wconf 85' lang='lat' dir='ltr'>ita</span> <span class='ocrx_word' id='word_1_149' title='bbox 709 2260 810 2326; x_wconf 85' lang='lat' dir='ltr'>nescis</span> <span class='ocrx_word' id='word_1_150' title='bbox 822 2262 915 2325; x_wconf 87' lang='lat' dir='ltr'>alicui</span> <span class='ocrx_word' id='word_1_151' title='bbox 930 2262 1041 2326; x_wconf 82' lang='lat' dir='ltr'>blenda</span> <span class='ocrx_word' id='word_1_152' title='bbox 1056 2262 1222 2327; x_wconf 89' lang='lat' dir='ltr'>uerborum</span> 
     </span>
     <span class='ocr_line' id='line_1_19' title="bbox 20 2364 430 2431; baseline -0.01 0"><span class='ocrx_word' id='word_1_153' title='bbox 20 2409 21 2414; x_wconf 20' lang='grc' dir='ltr'><strong>κ</strong></span> <span class='ocrx_word' id='word_1_154' title='bbox 92 2366 254 2431; x_wconf 84' lang='lat' dir='ltr'>fucatione</span> <span class='ocrx_word' id='word_1_155' title='bbox 277 2364 430 2430; x_wconf 87' lang='lat' dir='ltr'>deludere.</span> 
     </span>
    </p>
   </div>
   <div class='ocr_carea' id='block_1_4' title="bbox 60 2537 849 2729">
    <p class='ocr_par' dir='ltr' id='par_1_4' title="bbox 60 2537 849 2729">
     <span class='ocr_line' id='line_1_20' title="bbox 641 2537 677 2600; baseline 0.028 -1"><span class='ocrx_word' id='word_1_156' title='bbox 641 2537 677 2600; x_wconf 85' lang='lat' dir='ltr'>V.</span> 
     </span>
     <span class='ocr_line' id='line_1_21' title="bbox 60 2672 849 2729; baseline 0.001 -1"><span class='ocrx_word' id='word_1_157' title='bbox 60 2692 82 2728; x_wconf 79' lang='lat' dir='ltr'>ao</span> <span class='ocrx_word' id='word_1_158' title='bbox 471 2672 656 2729; x_wconf 79' lang='lat' dir='ltr'>ENNODIVS</span> <span class='ocrx_word' id='word_1_159' title='bbox 683 2672 849 2729; x_wconf 79' lang='lat' dir='ltr'>LACONIO.</span> 
     </span>
    </p>
   </div>
   <div class='ocr_carea' id='block_1_5' title="bbox 58 2797 1221 3396">
    <p class='ocr_par' dir='ltr' id='par_1_5' title="bbox 89 2797 1221 3192">
     <span class='ocr_line' id='line_1_22' title="bbox 131 2797 1220 2882; baseline -0.004 -15"><span class='ocrx_word' id='word_1_160' title='bbox 131 2800 319 2882; x_wconf 80' lang='lat' dir='ltr'>Numquam</span> <span class='ocrx_word' id='word_1_161' title='bbox 352 2797 434 2863; x_wconf 89' lang='lat' dir='ltr'>inter</span> <span class='ocrx_word' id='word_1_162' title='bbox 467 2802 607 2863; x_wconf 88' lang='lat' dir='ltr'>amantes</span> <span class='ocrx_word' id='word_1_163' title='bbox 640 2798 765 2863; x_wconf 89' lang='lat' dir='ltr'>silentio</span> <span class='ocrx_word' id='word_1_164' title='bbox 798 2797 876 2863; x_wconf 90' lang='lat' dir='ltr'>bene</span> <span class='ocrx_word' id='word_1_165' title='bbox 905 2798 1058 2863; x_wconf 88' lang='lat' dir='ltr'>multatur</span> <span class='ocrx_word' id='word_1_166' title='bbox 1091 2798 1220 2863; x_wconf 83' lang='lat' dir='ltr'>offensa:</span> 
     </span>
     <span class='ocr_line' id='line_1_23' title="bbox 90 2900 1220 2988; baseline -0.004 -17"><span class='ocrx_word' id='word_1_167' title='bbox 90 2905 223 2988; x_wconf 86' lang='lat' dir='ltr'>grauius</span> <span class='ocrx_word' id='word_1_168' title='bbox 247 2904 443 2967; x_wconf 89' lang='lat' dir='ltr'>inuentorem</span> <span class='ocrx_word' id='word_1_169' title='bbox 465 2901 600 2982; x_wconf 87' lang='lat' dir='ltr'>percutit</span> <span class='ocrx_word' id='word_1_170' title='bbox 623 2900 780 2966; x_wconf 89' lang='lat' dir='ltr'>uindictae</span> <span class='ocrx_word' id='word_1_171' title='bbox 797 2900 919 2966; x_wconf 89' lang='lat' dir='ltr'>nouitas</span> <span class='ocrx_word' id='word_1_172' title='bbox 935 2919 1028 2982; x_wconf 91' lang='lat' dir='ltr'>quam</span> <span class='ocrx_word' id='word_1_173' title='bbox 1051 2902 1220 2966; x_wconf 85' lang='lat' dir='ltr'>errantem:</span> 
     </span>
     <span class='ocr_line' id='line_1_24' title="bbox 89 3003 1221 3089; baseline -0.004 -17"><span class='ocrx_word' id='word_1_174' title='bbox 89 3008 178 3072; x_wconf 86' lang='lat' dir='ltr'>nefas</span> <span class='ocrx_word' id='word_1_175' title='bbox 194 3011 245 3071; x_wconf 87' lang='lat' dir='ltr'>est</span> <span class='ocrx_word' id='word_1_176' title='bbox 260 3022 316 3089; x_wconf 89' lang='lat' dir='ltr'>pro</span> <span class='ocrx_word' id='word_1_177' title='bbox 332 3005 545 3069; x_wconf 89' lang='lat' dir='ltr'>emendatione</span> <span class='ocrx_word' id='word_1_178' title='bbox 561 3004 723 3087; x_wconf 89' lang='lat' dir='ltr'>culparum</span> <span class='ocrx_word' id='word_1_179' title='bbox 736 3004 843 3087; x_wconf 87' lang='lat' dir='ltr'>culpas</span> <span class='ocrx_word' id='word_1_180' title='bbox 860 3004 1011 3081; x_wconf 83' lang='lat' dir='ltr'>adhiberi,</span> <span class='ocrx_word' id='word_1_181' title='bbox 1029 3005 1102 3068; x_wconf 90' lang='lat' dir='ltr'>dum</span> <span class='ocrx_word' id='word_1_182' title='bbox 1118 3003 1221 3068; x_wconf 90' lang='lat' dir='ltr'>studio</span> 
     </span>
     <span class='ocr_line' id='line_1_25' title="bbox 90 3106 1220 3192; baseline -0.002 -19"><span class='ocrx_word' id='word_1_183' title='bbox 90 3108 266 3175; x_wconf 84' lang='lat' dir='ltr'>curationis</span> <span class='ocrx_word' id='word_1_184' title='bbox 296 3110 348 3191; x_wconf 91' lang='lat' dir='ltr'>qui</span> <span class='ocrx_word' id='word_1_185' title='bbox 375 3106 517 3172; x_wconf 87' lang='lat' dir='ltr'>medetur</span> <span class='ocrx_word' id='word_1_186' title='bbox 539 3107 699 3192; x_wconf 85' lang='lat' dir='ltr'>aegrescit.</span> <span class='ocrx_word' id='word_1_187' title='bbox 744 3107 829 3172; x_wconf 88' lang='lat' dir='ltr'>uolui</span> <span class='ocrx_word' id='word_1_188' title='bbox 858 3106 1103 3172; x_wconf 89' lang='lat' dir='ltr'>taciturnitatem</span> <span class='ocrx_word' id='word_1_189' title='bbox 1127 3124 1220 3189; x_wconf 91' lang='lat' dir='ltr'>quam</span> 
     </span>
    </p>

    <p class='ocr_par' dir='ltr' id='par_1_6' title="bbox 58 3208 1221 3396">
     <span class='ocr_line' id='line_1_26' title="bbox 58 3208 1221 3287; baseline 0.004 -17"><span class='ocrx_word' id='word_1_190' title='bbox 58 3215 174 3277; x_wconf 77' lang='lat' dir='ltr'>seirca</span> <span class='ocrx_word' id='word_1_191' title='bbox 198 3230 251 3275; x_wconf 91' lang='lat' dir='ltr'>me</span> <span class='ocrx_word' id='word_1_192' title='bbox 273 3210 426 3274; x_wconf 89' lang='lat' dir='ltr'>hactenus</span> <span class='ocrx_word' id='word_1_193' title='bbox 448 3211 511 3274; x_wconf 89' lang='lat' dir='ltr'>mei</span> <span class='ocrx_word' id='word_1_194' title='bbox 533 3210 720 3274; x_wconf 88' lang='lat' dir='ltr'>inmemores</span> <span class='ocrx_word' id='word_1_195' title='bbox 742 3212 889 3274; x_wconf 90' lang='lat' dir='ltr'>seruastis</span> <span class='ocrx_word' id='word_1_196' title='bbox 905 3208 1038 3287; x_wconf 78' lang='lat' dir='ltr'>imitari,</span> <span class='ocrx_word' id='word_1_197' title='bbox 1062 3208 1115 3274; x_wconf 92' lang='lat' dir='ltr'>sed</span> <span class='ocrx_word' id='word_1_198' title='bbox 1130 3209 1221 3275; x_wconf 92' lang='lat' dir='ltr'>homo</span> 
     </span>
     <span class='ocr_line' id='line_1_27' title="bbox 89 3311 1221 3396; baseline -0.004 -17"><span class='ocrx_word' id='word_1_199' title='bbox 89 3317 172 3379; x_wconf 89' lang='lat' dir='ltr'>lenis</span> <span class='ocrx_word' id='word_1_200' title='bbox 197 3314 376 3379; x_wconf 88' lang='lat' dir='ltr'>animorum</span> <span class='ocrx_word' id='word_1_201' title='bbox 399 3312 528 3377; x_wconf 85' lang='lat' dir='ltr'>fortium</span> <span class='ocrx_word' id='word_1_202' title='bbox 544 3330 605 3377; x_wconf 91' lang='lat' dir='ltr'>non</span> <span class='ocrx_word' id='word_1_203' title='bbox 621 3313 709 3395; x_wconf 89' lang='lat' dir='ltr'>potui</span> <span class='ocrx_word' id='word_1_204' title='bbox 724 3332 856 3396; x_wconf 86' lang='lat' dir='ltr'>aequare</span> <span class='ocrx_word' id='word_1_205' title='bbox 872 3314 1095 3395; x_wconf 87' lang='lat' dir='ltr'>contemptum.</span> <span class='ocrx_word' id='word_1_206' title='bbox 1118 3311 1221 3377; x_wconf 88' lang='lat' dir='ltr'>uictus</span> 
     </span>
    </p>
   </div>
   <div class='ocr_carea' id='block_1_6' title="bbox 87 3568 1221 3811">
    <p class='ocr_par' dir='ltr' id='par_1_7' title="bbox 87 3568 1221 3811">
     <span class='ocr_line' id='line_1_28' title="bbox 141 3568 1220 3639; baseline -0.002 -14"><span class='ocrx_word' id='word_1_207' title='bbox 141 3572 158 3625; x_wconf 96' lang='lat'>1</span> <span class='ocrx_word' id='word_1_208' title='bbox 179 3570 307 3638; x_wconf 82' lang='lat' dir='ltr'>obligata</span> <span class='ocrx_word' id='word_1_209' title='bbox 324 3568 359 3634; x_wconf 89' lang='grc' dir='ltr'>Β,</span> <span class='ocrx_word' id='word_1_210' title='bbox 389 3568 543 3638; x_wconf 78' lang='lat' dir='ltr'>oblegatam</span> <span class='ocrx_word' id='word_1_211' title='bbox 560 3569 643 3624; x_wconf 84' lang='lat' dir='ltr'>LTV</span> <span class='ocrx_word' id='word_1_212' title='bbox 754 3572 882 3639; x_wconf 84' lang='lat' dir='ltr'>tauquam</span> <span class='ocrx_word' id='word_1_213' title='bbox 904 3571 929 3625; x_wconf 87' lang='grc' dir='ltr'><em>Τ</em></span> <span class='ocrx_word' id='word_1_214' title='bbox 1040 3570 1058 3624; x_wconf 87' lang='grc'><strong>3</strong></span> <span class='ocrx_word' id='word_1_215' title='bbox 1075 3570 1145 3639; x_wconf 88' lang='lat' dir='ltr'>quod</span> <span class='ocrx_word' id='word_1_216' title='bbox 1163 3570 1220 3624; x_wconf 87' lang='lat' dir='ltr'>ficri</span> 
     </span>
     <span class='ocr_line' id='line_1_29' title="bbox 87 3652 1221 3724; baseline 0 -15"><span class='ocrx_word' id='word_1_217' title='bbox 87 3656 179 3710; x_wconf 87' lang='lat' dir='ltr'>uoluit</span> <span class='ocrx_word' id='word_1_218' title='bbox 203 3652 438 3710; x_wconf 67' lang='lat' dir='ltr'>Viscorum</span> <span class='ocrx_word' id='word_1_219' title='bbox 534 3654 645 3723; x_wconf 76' lang='lat' dir='ltr'>tcepta</span> <span class='ocrx_word' id='word_1_220' title='bbox 665 3654 723 3720; x_wconf 84' lang='lat' dir='ltr'>PT,</span> <span class='ocrx_word' id='word_1_221' title='bbox 752 3655 916 3724; x_wconf 85' lang='lat' dir='ltr'>conceptaL</span> <span class='ocrx_word' id='word_1_222' title='bbox 1011 3654 1221 3709; x_wconf 86' lang='lat' dir='ltr'>aduliscentibus</span> 
     </span>
     <span class='ocr_line' id='line_1_30' title="bbox 87 3738 1220 3811; baseline -0.001 -15"><span class='ocrx_word' id='word_1_223' title='bbox 87 3744 114 3796; x_wconf 90' lang='grc' dir='ltr'><strong><em>Β</em></strong></span> <span class='ocrx_word' id='word_1_224' title='bbox 208 3740 394 3795; x_wconf 72' lang='grc' dir='ltr'>ὃωηιετοὶηιιι</span> <span class='ocrx_word' id='word_1_225' title='bbox 407 3738 466 3809; x_wconf 80' lang='lat' dir='ltr'>PT,</span> <span class='ocrx_word' id='word_1_226' title='bbox 484 3743 666 3796; x_wconf 86' lang='lat' dir='ltr'>commertium</span> <span class='ocrx_word' id='word_1_227' title='bbox 681 3741 708 3795; x_wconf 88' lang='lat' dir='ltr'><strong><em>V</em></strong></span> <span class='ocrx_word' id='word_1_228' title='bbox 801 3740 834 3795; x_wconf 87' lang='lat'>10</span> <span class='ocrx_word' id='word_1_229' title='bbox 845 3740 1011 3811; x_wconf 85' lang='lat' dir='ltr'>dispendium</span> <span class='ocrx_word' id='word_1_230' title='bbox 1024 3743 1052 3796; x_wconf 90' lang='grc' dir='ltr'>Β</span> <span class='ocrx_word' id='word_1_231' title='bbox 1138 3742 1169 3796; x_wconf 94' lang='grc'>11</span> <span class='ocrx_word' id='word_1_232' title='bbox 1181 3742 1220 3795; x_wconf 84' lang='lat' dir='ltr'>ai-</span> 
     </span>
    </p>
   </div>
   <div class='ocr_carea' id='block_1_7' title="bbox 86 3833 1220 4103">
    <p class='ocr_par' dir='ltr' id='par_1_8' title="bbox 86 3833 1220 4103">
     <span class='ocr_line' id='line_1_31' title="bbox 87 3833 1152 3931; baseline 0.002 -16"><span class='ocrx_word' id='word_1_233' title='bbox 87 3862 192 3917; x_wconf 80' lang='lat' dir='ltr'>iactum</span> <span class='ocrx_word' id='word_1_234' title='bbox 207 3860 266 3927; x_wconf 74' lang='lat' dir='ltr'>Lu,</span> <span class='ocrx_word' id='word_1_235' title='bbox 292 3833 416 3915; x_wconf 63' lang='lat' dir='ltr'>effectum</span> <span class='ocrx_word' id='word_1_236' title='bbox 432 3862 536 3916; x_wconf 82' lang='lat' dir='ltr'>Vcorr.</span> <span class='ocrx_word' id='word_1_237' title='bbox 548 3866 612 3916; x_wconf 85' lang='lat' dir='ltr'>m.1</span> <span class='ocrx_word' id='word_1_238' title='bbox 709 3862 743 3915; x_wconf 81' lang='lat'>12</span> <span class='ocrx_word' id='word_1_239' title='bbox 754 3864 988 3931; x_wconf 84' lang='lat' dir='ltr'>oportunissimum</span> <span class='ocrx_word' id='word_1_240' title='bbox 1001 3861 1152 3917; x_wconf 83' lang='lat' dir='ltr'><em>BLPTVb</em></span> 
     </span>
     <span class='ocr_line' id='line_1_32' title="bbox 87 3948 1220 4017; baseline -0.001 -15"><span class='ocrx_word' id='word_1_241' title='bbox 87 3949 121 4003; x_wconf 83' lang='lat'>13</span> <span class='ocrx_word' id='word_1_242' title='bbox 137 3948 272 4005; x_wconf 73' lang='lat' dir='ltr'>houemui</span> <span class='ocrx_word' id='word_1_243' title='bbox 293 3948 328 3999; x_wconf 62' lang='grc' dir='ltr'>Β</span> <span class='ocrx_word' id='word_1_244' title='bbox 432 3948 466 4001; x_wconf 87' lang='lat'>15</span> <span class='ocrx_word' id='word_1_245' title='bbox 483 3948 641 4003; x_wconf 75' lang='lat' dir='ltr'>effusissime</span> <span class='ocrx_word' id='word_1_246' title='bbox 659 3948 686 4002; x_wconf 87' lang='lat' dir='ltr'><em>L</em></span> <span class='ocrx_word' id='word_1_247' title='bbox 783 3948 860 4003; x_wconf 87' lang='lat' dir='ltr'>corde</span> <span class='ocrx_word' id='word_1_248' title='bbox 877 3950 944 4016; x_wconf 77' lang='lat' dir='ltr'>sort.</span> <span class='ocrx_word' id='word_1_249' title='bbox 1046 3949 1078 4002; x_wconf 78' lang='lat' dir='ltr'>l‘l</span> <span class='ocrx_word' id='word_1_250' title='bbox 1096 3948 1220 4017; x_wconf 87' lang='lat' dir='ltr'>cupiosue</span> 
     </span>
     <span class='ocr_line' id='line_1_33' title="bbox 86 4033 1154 4103; baseline 0.001 -15"><span class='ocrx_word' id='word_1_251' title='bbox 86 4036 114 4088; x_wconf 89' lang='lat' dir='ltr'><em>B</em></span> <span class='ocrx_word' id='word_1_252' title='bbox 217 4035 304 4089; x_wconf 82' lang='lat' dir='ltr'>nescit</span> <span class='ocrx_word' id='word_1_253' title='bbox 320 4034 349 4087; x_wconf 90' lang='lat' dir='ltr'>B</span> <span class='ocrx_word' id='word_1_254' title='bbox 445 4033 598 4103; x_wconf 83' lang='lat' dir='ltr'>uerborum]</span> <span class='ocrx_word' id='word_1_255' title='bbox 616 4050 766 4089; x_wconf 89' lang='lat' dir='ltr'>sermonum</span> <span class='ocrx_word' id='word_1_256' title='bbox 784 4035 828 4089; x_wconf 83' lang='lat' dir='ltr'>Po</span> <span class='ocrx_word' id='word_1_257' title='bbox 940 4035 973 4088; x_wconf 82' lang='lat'>18</span> <span class='ocrx_word' id='word_1_258' title='bbox 991 4033 1110 4089; x_wconf 87' lang='lat' dir='ltr'>diludsre</span> <span class='ocrx_word' id='word_1_259' title='bbox 1127 4036 1154 4089; x_wconf 89' lang='grc' dir='ltr'>Β</span> 
     </span>
    </p>
   </div>
   <div class='ocr_carea' id='block_1_8' title="bbox 85 4144 1220 4395">
    <p class='ocr_par' dir='ltr' id='par_1_9' title="bbox 85 4144 1220 4395">
     <span class='ocr_line' id='line_1_34' title="bbox 137 4144 1220 4221; baseline -0.002 -10"><span class='ocrx_word' id='word_1_260' title='bbox 137 4156 174 4211; x_wconf 79' lang='lat' dir='ltr'>V.</span> <span class='ocrx_word' id='word_1_261' title='bbox 210 4155 247 4209; x_wconf 72' lang='lat'>20</span> <span class='ocrx_word' id='word_1_262' title='bbox 263 4154 383 4209; x_wconf 65' lang='lat' dir='ltr'>lacon-io</span> <span class='ocrx_word' id='word_1_263' title='bbox 401 4154 428 4208; x_wconf 85' lang='lat' dir='ltr'><strong><em>L</em></strong></span> <span class='ocrx_word' id='word_1_264' title='bbox 531 4154 565 4208; x_wconf 77' lang='lat'>21</span> <span class='ocrx_word' id='word_1_265' title='bbox 584 4157 732 4209; x_wconf 69' lang='lat' dir='ltr'>amanntee</span> <span class='ocrx_word' id='word_1_266' title='bbox 750 4154 778 4210; x_wconf 83' lang='lat' dir='ltr'><strong><em>L</em></strong></span> <span class='ocrx_word' id='word_1_267' title='bbox 793 4156 821 4207; x_wconf 85' lang='lat' dir='ltr'>te</span> <span class='ocrx_word' id='word_1_268' title='bbox 838 4154 903 4221; x_wconf 71' lang='lat' dir='ltr'>sort.</span> <span class='ocrx_word' id='word_1_269' title='bbox 922 4166 991 4207; x_wconf 85' lang='lat' dir='ltr'>cras.</span> <span class='ocrx_word' id='word_1_270' title='bbox 1086 4153 1120 4208; x_wconf 81' lang='lat'>23</span> <span class='ocrx_word' id='word_1_271' title='bbox 1137 4144 1220 4211; x_wconf 86' lang='lat' dir='ltr'>&#39;meu-</span> 
     </span>
     <span class='ocr_line' id='line_1_35' title="bbox 85 4238 1152 4310; baseline -0.004 -13"><span class='ocrx_word' id='word_1_272' title='bbox 85 4244 200 4297; x_wconf 86' lang='lat' dir='ltr'>dationa</span> <span class='ocrx_word' id='word_1_273' title='bbox 213 4241 241 4295; x_wconf 92' lang='grc' dir='ltr'>Β</span> <span class='ocrx_word' id='word_1_274' title='bbox 332 4240 447 4294; x_wconf 67' lang='lat' dir='ltr'>adeiberi</span> <span class='ocrx_word' id='word_1_275' title='bbox 459 4238 487 4295; x_wconf 76' lang='lat'>11</span> <span class='ocrx_word' id='word_1_276' title='bbox 503 4240 522 4294; x_wconf 94' lang='lat' dir='ltr'>h</span> <span class='ocrx_word' id='word_1_277' title='bbox 535 4256 604 4295; x_wconf 76' lang='lat' dir='ltr'>erar.</span> <span class='ocrx_word' id='word_1_278' title='bbox 700 4240 734 4294; x_wconf 77' lang='lat'>24</span> <span class='ocrx_word' id='word_1_279' title='bbox 746 4238 862 4294; x_wconf 87' lang='lat' dir='ltr'>midetur</span> <span class='ocrx_word' id='word_1_280' title='bbox 880 4239 916 4293; x_wconf 88' lang='lat' dir='ltr'>V¹</span> <span class='ocrx_word' id='word_1_281' title='bbox 1003 4240 1113 4310; x_wconf 77' lang='lat' dir='ltr'>egricolt</span> <span class='ocrx_word' id='word_1_282' title='bbox 1125 4240 1152 4294; x_wconf 93' lang='grc' dir='ltr'>Β</span> 
     </span>
     <span class='ocr_line' id='line_1_36' title="bbox 85 4325 1219 4395; baseline -0.004 -11"><span class='ocrx_word' id='word_1_283' title='bbox 85 4328 222 4384; x_wconf 75' lang='lat' dir='ltr'>uoluitl&#39;</span> <span class='ocrx_word' id='word_1_284' title='bbox 304 4327 459 4381; x_wconf 67' lang='lat' dir='ltr'>idactenue</span> <span class='ocrx_word' id='word_1_285' title='bbox 472 4327 499 4381; x_wconf 93' lang='lat' dir='ltr'><em>B</em></span> <span class='ocrx_word' id='word_1_286' title='bbox 585 4326 750 4392; x_wconf 69' lang='lat' dir='ltr'>tdlenesB,</span> <span class='ocrx_word' id='word_1_287' title='bbox 768 4326 903 4383; x_wconf 70' lang='lat' dir='ltr'>leniebat</span> <span class='ocrx_word' id='word_1_288' title='bbox 916 4328 997 4382; x_wconf 79' lang='lat' dir='ltr'>Sim.</span> <span class='ocrx_word' id='word_1_289' title='bbox 1084 4325 1219 4395; x_wconf 85' lang='lat' dir='ltr'>squareB</span> 
     </span>
    </p>
   </div>
   <div class='ocr_carea' id='block_1_9' title="bbox 0 0 1472 4934">
    <p class='ocr_par' dir='ltr' id='par_1_10' title="bbox 0 0 1472 4934">
     <span class='ocr_line' id='line_1_37' title="bbox 0 0 1472 4934; baseline 0 1"><span class='ocrx_word' id='word_1_290' title='bbox 0 0 1472 4934; x_wconf 95' lang='lat' dir='ltr'> </span> 
     </span>
    </p>
   </div>
  </div>
 </body>
</html>
