2934 4934
474 370 712 441 Epistularum
732 371 822 426 liber
840 371 872 427 V.
1175 376 1236 440 143

110 580 242 645 cumque
270 560 420 643 strepitus
449 577 528 645 quae
556 560 674 645 gloriae
695 562 770 625 tuae
791 564 961 643 potuerunt
988 559 1151 626 conuenire
1174 578 1236 626 non

109 667 201 732 tacui
226 665 310 731 lacta
324 666 373 731 est
387 664 442 728 lnx
456 664 540 749 genii
562 663 661 731 uestri
675 664 882 731 conscientiae
898 682 985 729 meae
1002 663 1235 730 demonstratio.

102 769 219 851 procul
240 769 364 834 auertat
386 766 547 845 diuinitas,
570 786 609 832 ne
631 785 781 850 umquam
803 767 981 833 testImonio
997 784 1066 833 meo
1082 765 1236 849 fragilitas

109 871 204 937 claris
218 870 361 937 moribus
375 869 504 935 inimica
517 868 680 953 subripiat.
706 871 795 937 nulla
811 872 857 937 est
873 888 967 955 quem
978 869 1080 953 opime
1093 871 1236 937 texuistis

88 974 141 1039 siu
163 973 257 1040 uobis
281 974 394 1040 erroris
417 992 520 1054 eausa,
545 992 641 1057 quarn
662 976 809 1053 recolam,
831 979 863 1039 et
886 974 913 1039 si
935 991 989 1058 pro
1012 973 1091 1039 nnsis
1114 974 1235 1040 meritis

108 1077 276 1155 extitisset,
293 1075 448 1144 bonorum
461 1078 606 1143 ueterum
620 1076 833 1143 recordatione
848 1077 1011 1161 sopiretur.
1034 1076 1116 1157 quod
1130 1078 1236 1153 restat,

106 1178 229 1259 ualete,
259 1179 306 1244 mi
328 1179 463 1254 domini,
490 1182 522 1244 et
548 1179 610 1243 iter
638 1198 744 1245 meum
773 1181 918 1245 uotorum
945 1178 1139 1263 benignitate
1166 1195 1237 1259 pro-

107 1283 209 1349 secuti
239 1282 381 1349 caritatis
408 1281 620 1349 recordatione
650 1282 810 1349 absentiae
843 1300 930 1348 meae
957 1281 1073 1347 damus
1099 1286 1236 1363 pensate.

621 1454 724 1520 XXII

74 1602 99 1640 ro
473 1589 659 1646 venabulo
681 1590 874 1645 ENNODIVS.

148 1695 182 1760 Si
208 1693 394 1776 proximitas
420 1694 585 1779 sanguinis
607 1694 645 1759 ad
668 1694 869 1779 diligentiam
891 1698 1011 1761 mentes
1034 1694 1167 1774 inuitat,
1193 1696 1237 1779 pii

106 1798 224 1861 amoris
240 1796 409 1863 obsecutus
425 1796 568 1879 imperiis
585 1798 683 1881 gestio
705 1815 756 1862 me
779 1798 941 1880 praeuium
963 1790 1157 1881 praestitisse
1172 1816 1237 1863 ser·

105 1918 232 1965 monem
256 1903 289 1964 et
310 1900 450 1965 orditum
472 1901 606 1985 paginas
631 1900 860 1982 ampleotendie
882 1901 968 1965 uiam
989 1918 1141 1965 reserasse
1164 1916 1236 1965 con·

107 2003 234 2084 loquiis.
258 2003 312 2067 diu
328 2003 455 2085 quidem
471 2021 559 2070 cassa
581 2005 793 2086 expectatione
815 2007 1001 2081 maceratus,
1025 2004 1101 2068 dum
1119 2003 1238 2085 operior

74 2106 239 2188 repaginas
268 2121 331 2169 non
360 2105 466 2185 emisi,
495 2107 548 2171 scd
577 2105 750 2171 balearibus
781 2107 846 2171 suis
869 2105 1009 2173 animum
1032 2123 1138 2170 meum
1158 2103 1239 2171 fodit

105 2206 232 2273 allectIo
256 2211 287 2273 et
309 2207 349 2272 ad
372 2208 561 2274 tabellarum
577 2210 687 2273 munia
700 2210 834 2290 priorem
857 2208 933 2275 fecit
959 2209 1110 2275 accedere.
1140 2208 1237 2275 habeo

106 2309 377 2394 praerogatiuam,
399 2311 426 2375 si
444 2309 523 2378 bene
537 2312 666 2391 conicio,
690 2313 760 2393 plus
775 2312 920 2391 amantis,
944 2312 998 2395 qui
1021 2314 1052 2376 et
1074 2313 1145 2394 post
1165 2330 1236 2395 pro·

105 2413 240 2478 ductum
275 2411 396 2478 silentii
426 2416 522 2479 uestri
556 2415 696 2479 studium
723 2416 843 2497 loquor,
873 2418 904 2479 et
932 2414 1025 2481 debeo
1054 2414 1238 2479 uerecundia

106 2513 315 2580 conmendare
332 2514 414 2599 quod
428 2517 524 2581 tacui.
548 2534 634 2582 nunc
648 2521 766 2593 tamen,
789 2535 827 2582 ne
843 2515 1024 2599 epistularis
1041 2517 1237 2584 concinnatio

75 2622 308 2701 abansgressa
335 2620 507 2685 terminum
538 2620 724 2685 deuenustet
746 2623 920 2699 auctorem,
949 2619 1146 2687 salutationis
1173 2640 1237 2685 ser·

106 2723 190 2788 uitia
214 2721 356 2805 dependo
378 2726 425 2805 et,
453 2724 641 2802 simeram,
672 2723 848 2807 dignationi
875 2725 996 2791 uestrae
1027 2724 1236 2791 conciliandus

106 2842 253 2903 occurro,
283 2826 357 2908 quia
377 2827 534 2909 potiorum
556 2827 734 2893 sublimitas
765 2830 979 2893 commuuione
999 2830 1179 2911 geminatur
1206 2829 1238 2892 et

106 2928 209 2994 facem
232 2929 370 3011 praefert
392 2928 638 2995 eminendseimo
659 2930 764 3013 gratia
793 2948 937 2997 concessa
958 2930 1118 2996 subiectis.

612 3099 734 3165 XXIII

76 3241 99 3280 ὅ
451 3234 679 3291 CONSTANTIO
700 3235 895 3291 ENNODIVS.

150 3338 187 3405 Si
210 3340 323 3405 liceret
345 3358 417 3406 cnm
437 3341 655 3424 magnitudine
678 3346 785 3407 uestra
807 3361 905 3425 aequa
930 3347 1012 3408 sorte
1035 3347 1186 3425 contendi,
1210 3348 1237 3411 si

107 3440 242 3507 bonores
265 3444 354 3507 aetas
376 3444 526 3508 meritum
549 3446 630 3527 quod
647 3445 738 3510 uobis
761 3444 860 3511 lacem
882 3445 1033 3528 praetulit
1054 3464 1110 3511 uos
1127 3448 1237 3514 nonin

159 3630 247 3697 ique
263 3627 301 3694 Β,
328 3628 399 3697 dec
417 3644 442 3697 qr
462 3628 489 3683 L
579 3628 864 3685 cininicurtem.
952 3632 1162 3701 subrepatsort,
1181 3636 1238 3691 nisi

108 3714 355 3769 onusteetbnonii
365 3716 417 3769 urei
422 3716 690 3784 praeferendam
764 3733 817 3786 qua
825 3716 975 3787 opinionem
984 3718 1096 3773 exulatis
1103 3720 1169 3786 fort.

108 3835 248 3890 bmeritis
266 3836 333 3890 nreie
352 3836 478 3892 LPTVb
578 3837 800 3893 certesiensis
901 3840 916 3893 i
938 3804 1044 3894 dominr¹e
1061 3842 1104 3908 Β,
1130 3842 1238 3897 domine

109 3920 229 3977 L¹P¹Tb
332 3938 421 3977 meum
437 3924 474 3994 u]
492 3926 617 3979 uotorum
632 3940 751 3979 meorum
772 3927 798 3981 Τ
896 3928 915 3981 8
932 3927 1047 3997 dampna
1065 3929 1172 3984 LPI'V

161 4026 252 4082 XXII.
289 4028 322 4082 12
339 4029 426 4095 gestio
443 4030 495 4099 ms]
513 4032 662 4099 gestionem
679 4032 707 4087 L
810 4030 843 4085 13
859 4046 989 4085 reserasse
1007 4031 1045 4086 L¹
1143 4032 1237 4090 1401-

109 4113 276 4181 spectatioue
292 4113 351 4168 LV
432 4116 553 4185 opperior
577 4116 604 4170 V
686 4118 718 4172 16
737 4115 854 4173 accidere
871 4116 899 4169 Β
985 4116 1065 4171 babes
1084 4118 1168 4174 Sim.

111 4198 143 4251 17
163 4198 282 4254 conditio
299 4199 327 4254 L
430 4202 463 4256 19
480 4202 640 4270 epistulares
659 4204 686 4257 Β
788 4202 823 4257 20
840 4204 955 4258 actorem
976 4204 1002 4258 Y

161 4300 267 4356 xxm.
302 4302 336 4356 27
354 4303 463 4359 honoris
481 4308 569 4359 aestas
588 4304 615 4359 L
716 4321 771 4360 nou
789 4320 839 4361 orn.
861 4305 886 4359 T
