2934 4934
473 405 710 476 Epistularum
732 405 823 461 liber
841 404 873 461 V.
1176 405 1236 473 147

110 595 256 673 tuentia,
291 596 348 681 qui
380 595 463 663 uiuis
491 596 682 682 imaginibus
716 597 870 663 seoretum
898 596 1032 681 pectoris
1059 594 1123 661 oris
1151 594 1238 661 elane

111 698 303 767 manifestat
325 698 429 782 patior
451 698 579 782 quidem
599 699 762 766 interdum
784 698 950 765 mutatam
971 700 1028 766 sub
1053 697 1238 782 paginarum

110 800 362 886 promulgatione
383 800 540 880 simulari,
563 819 736 885 numquam
750 805 858 867 tamon
872 803 961 868 oredo
983 802 1032 867 bis
1048 800 1165 867 muniis
1180 802 1237 868 ab·

111 903 226 971 stiuere
247 903 302 989 qui
323 904 473 988 diligunt
510 904 627 970 referat
655 904 736 970 torto
757 905 941 990 magnitudo
962 908 1067 971 uestra
1092 903 1237 990 publicae

92 1006 320 1091 eoooupationis
346 1025 454 1073 euram
481 1007 589 1078 loom
614 1009 743 1092 seriptis
769 1006 981 1075 familiaribus
1013 1026 1076 1073 non
1106 1006 1236 1075 dedbse.

109 1109 158 1174 sed
173 1109 263 1175 idem
276 1112 381 1176 etatum
395 1112 473 1195 erat,
489 1128 562 1176 oum
574 1112 776 1194 praecedente
788 1112 927 1193 tempore
938 1110 1102 1194 oonloquia
1112 1111 1235 1176 eulmen

109 1216 249 1279 uestrum
270 1214 378 1281 erebra
391 1213 572 1296 praestabat
592 1232 650 1280 neo
664 1214 713 1280 ita
726 1214 835 1281 auliois
857 1215 1024 1297 deputatus
1037 1214 1236 1297 premebatur

109 1315 255 1394 oronbiia
276 1319 314 1382 ut
330 1315 476 1399 promissi
491 1316 606 1383 amoris
620 1316 807 1383 memoriam
827 1335 889 1384 non
902 1317 1043 1384 haberet.
1070 1318 1138 1400 quis
1154 1316 1234 1383 iouis

108 1419 218 1496 brion,
241 1420 311 1503 quis
325 1437 457 1485 eaenum
472 1418 613 1486 fontibus
628 1420 840 1487 clandestinus
857 1424 1033 1486 susurrator
1047 1419 1235 1487 admiscuit?

80 1526 159 1589 aaut
192 1520 275 1588 forto
294 1524 379 1607 quod
412 1522 515 1590 tuerat
542 1524 583 1589 de
611 1522 775 1591 atlsebouo
804 1524 989 1608 subreptum
1017 1525 1057 1593 ad
1085 1522 1234 1589 iudioium

108 1624 299 1693 rettulistis?
324 1626 380 1691 sed
395 1644 453 1711 ego
467 1644 616 1710 ooonpare
633 1646 690 1699 uos
703 1629 891 1714 paginarum
904 1627 1151 1713 promulgatione
1171 1643 1234 1698 nou

108 1728 225 1809 littero,
247 1732 284 1795 ut
304 1729 348 1799 ad
367 1748 462 1796 usum
476 1731 615 1799 ueterem
635 1732 832 1802 esseantibua
853 1732 1022 1815 promissae
1043 1729 1233 1814 <lignationis

107 1831 245 1899 stimulis
267 1832 320 1898 uel
333 1832 535 1917 garrulitatis
549 1851 639 1900 meae
652 1835 813 1917 prouooeti
835 1834 925 1917 fruge
940 1834 1085 1901 redeatis.
1109 1832 1234 1902 domins

106 1934 157 2014 uri,
179 1934 369 2019 obsequium
389 1936 588 2003 salutationis
609 1937 704 2020 plena
727 1937 911 2006 humililate
931 1936 1109 2019 persoluons
1130 1935 1233 2004 iudieo

79 2055 153 2104 nme
172 2038 292 2105 nostris
314 2038 463 2121 supinum
486 2057 553 2107 esse
574 2039 754 2123 aspeotibue
776 2040 984 2125 praesentari,
1007 2040 1035 2105 si
1056 2040 1163 2108 buron
1185 2038 1233 2107 fs*

107 2139 252 2209 siendum
266 2141 425 2226 perpensis
448 2162 527 2227 quae
541 2142 630 2210 nobie
643 2143 728 2209 ooroli
752 2162 818 2209 esse
838 2160 901 2212 non
915 2142 1026 2211 dubito
1043 2143 1232 2214 resoubatis

154 2415 238 2485 lqni
256 2414 367 2485 nosipsi,
396 2431 464 2484 quae
481 2414 608 2473 BLTVb
711 2417 887 2489 bnunquam
911 2414 936 2471 V
1035 2416 1232 2489 6praeeidonti

105 2500 131 2552 Β
225 2500 242 2554 'l
260 2500 355 2555 aulieis
372 2498 513 2574 deputatas
530 2502 573 2556 ita
589 2500 689 2557 mo
779 2500 963 2572 mmmabatur
981 2502 1010 2558 B
1102 2504 1231 2559 teanum

108 2584 132 2638 Τ
224 2590 381 2641 summetur
398 2588 427 2642 Β
529 2588 563 2643 11
580 2589 716 2645 retulistis
732 2588 816 2645 m
909 2591 942 2646 12
958 2589 1051 2645 dinuo
1068 2591 1119 2659 Bb,
1143 2589 1231 2645 dolero

104 2671 183 2729 tw
276 2672 311 2729 14
326 2672 396 2729 mibi
413 2673 498 2732 BLV
589 2674 763 2732 salutafioaia
780 2676 936 2747 obsequium
955 2674 1038 2735 tim
1134 2676 1168 2733 15
1184 2692 1230 2731 ou·

105 2758 206 2826 pilium
223 2758 254 2819 B
