2934 4934
575 360 690 415 Dictio
715 358 789 416 XVI.
1183 362 1247 426 471

110 547 289 631 praesules,
322 549 355 613 in
378 548 537 633 coniugali
566 548 722 614 consortio
751 547 844 613 unius
870 550 989 614 subolis
1019 552 1057 615 ut
1084 566 1249 615 commune

111 652 229 735 pignus
257 651 399 729 adtendi,
428 651 506 717 dum
534 652 658 717 effecto
680 669 776 734 quam
797 655 887 734 pater
909 652 1049 717 obtinuit
1070 653 1187 719 mmait
1208 654 1248 718 ad

110 757 235 822 filium:
268 754 490 821 decedentibus
517 757 670 821 matronis
699 754 839 820 uirorum
861 754 1077 837 prouidentia,
1109 754 1185 820 dum
1208 756 1249 820 ad

110 859 306 927 educandam
342 860 562 943 posteritatem
595 878 747 927 curarum
783 861 956 943 participes
993 863 1165 943 quaerunt,
1202 860 1249 925 sic

67 980 261 1029 caederem
293 962 472 1031 inueniunt.
511 973 603 1047 saepe
636 964 745 1030 tamen
776 964 836 1029 sub
868 962 929 1029 hoc
962 964 1113 1031 uocabulo
1145 965 1251 1029 mater

109 1066 233 1131 accedit
252 1082 290 1131 ec
309 1066 429 1133 cautior
451 1067 531 1133 circa
552 1084 680 1149 germen
701 1066 849 1146 alienum,
872 1085 933 1149 qno
948 1066 1118 1133 sollicitius
1134 1080 1250 1133 nomen

108 1170 270 1253 tragicmn
300 1172 372 1236 uult
401 1171 520 1236 uitare:
554 1170 747 1253 genetricem
776 1172 881 1235 munit
912 1171 1063 1236 securitas
1091 1171 1125 1236 et
1145 1188 1250 1236 sacra·

107 1275 254 1338 mentum
269 1273 406 1339 nominis
421 1275 479 1339 sui.
495 1272 604 1361 (sunt)
617 1292 696 1358 qnae
711 1274 809 1338 etiam
825 1272 1068 1340 misericorditer
1081 1273 1250 1339 creduntur

107 1378 215 1444 irasci.
253 1378 391 1456 uestrae,
420 1377 589 1457 infaustae,
617 1377 789 1444 blanditias
817 1379 884 1444 iure
914 1379 1104 1461 respuimus,
1136 1377 1250 1459 quibus

72 1502 98 1542 rc
107 1500 167 1563 per
204 1480 311 1546 fucnm
348 1480 490 1547 malitiae
528 1480 655 1546 interna
688 1481 824 1546 nectitis.
870 1482 1035 1560 erubesco,
1073 1482 1250 1563 cognitores

108 1582 323 1660 sanctissimi,
362 1583 545 1649 demnatum
578 1584 701 1649 meritis
736 1585 804 1649 suis
837 1584 989 1649 dintnma
1020 1585 1250 1668 inpugnatione

109 1692 306 1754 sustentare:
336 1704 399 1753 non
429 1690 476 1753 est
504 1706 616 1771 anceps
644 1690 931 1771 contentionum
952 1688 1062 1755 labore
1084 1689 1250 1770 suspendo.

107 1792 237 1857 umnam
259 1790 422 1875 exquisitis
445 1790 602 1877 effugetur
623 1793 662 1858 de
683 1794 753 1857 luce
775 1792 965 1859 cruciatibus
993 1795 1026 1857 et
1048 1793 1143 1858 lentis
1164 1796 1251 1858 secta

108 1894 295 1962 uulneribus
318 1894 432 1961 existat
453 1895 611 1977 superstes
634 1896 754 1979 corpori
774 1898 851 1961 suo!
878 1913 940 1960 uon
963 1894 1026 1961 uu'o
1047 1898 1189 1978 tompore
1210 1896 1249 1961 de

74 1996 248 2081 repropriis
272 1997 396 2064 sedibus
419 2016 531 2063 nocens
554 1998 660 2063 anima
681 1998 831 2080 pellatur.
860 1997 896 2061 in
919 1997 1068 2063 affectum
1088 1999 1249 2064 reducitur

108 2101 243 2185 puritas,
267 2101 410 2183 quotiens
426 2100 642 2185 generalitatis
658 2100 764 2167 oculos
780 2102 952 2187 erpiaucris
968 2118 1060 2168 cruce
1075 2103 1252 2167 noxiorum.

639 2322 726 2388 XVI.

158 2493 302 2561 morlo
326 2494 373 2559 IN
395 2494 486 2561 EVM
509 2493 583 2575 Qvi
605 2495 789 2563 PRAEMII
816 2495 984 2562 Nomina
1006 2497 1208 2564 munins

331 2614 524 2683 VIRGINIS
546 2614 732 2683 NVans
754 2614 1030 2682 Posnvnnvm.

76 2788 101 2829 ao
157 2768 313 2853 Creditis,
348 2770 482 2849 iudices,
515 2789 571 2854 per
603 2771 687 2837 hunc
720 2772 862 2837 uictoriis
894 2774 1033 2838 lamenta
1063 2772 1189 2839 misceri
1218 2777 1251 2837 et

111 2871 348 2954 triumphorum
364 2891 505 2955 saporem
524 2874 687 2957 displicere
703 2877 741 2941 de
756 2876 918 2959 praemio?
939 2875 1114 2941 aestimatis
1138 2875 1251 2942 offendi

111 2975 186 3042 deos
208 2973 242 3039 in
265 2974 378 3041 effectu
400 2996 505 3041 rernm
529 2978 561 3041 et
579 2980 687 3043 deduci
703 2976 744 3043 ed
759 2979 986 3061 paenitentiam
1008 2978 1149 3055 numina,
1172 2996 1251 3061 quac

110 3084 189 3145 uota
210 3078 382 3145 iuuerunt?
416 3081 504 3146 odeat
526 3080 689 3148 hominnm
712 3081 940 3164 nequissimus,
969 3082 1025 3165 qni
1046 3099 1170 3165 gemere
1192 3099 1249 3147 nce

111 3184 259 3266 imperat,
282 3183 362 3264 quod
383 3183 506 3267 petrice
528 3186 650 3250 nostrae
672 3184 753 3249 uicit
774 3184 926 3269 inimicos,
950 3186 1003 3268 qui
1026 3186 1250 3251 consummatis

165 3372 181 3423 1
209 3368 309 3423 sobolis
335 3368 418 3423 LTV
519 3370 536 3424 3
561 3370 748 3439 prouidentiae
774 3371 839 3437 scot.
944 3371 978 3426 ad
996 3370 1133 3427 cdncmdd
1153 3372 1188 3435 B,
1215 3371 1251 3425 ad

110 3488 295 3543 deducendam
313 3490 341 3544 L
453 3491 470 3544 6
488 3490 536 3559 qni
554 3456 690 3545 sollicitus
707 3490 736 3545 L
844 3492 859 3545 7
878 3494 1008 3547 traiecum
1027 3492 1063 3559 B,
1090 3493 1205 3548 traicurn
1224 3493 1252 3548 L

109 3590 130 3629 e.
154 3575 174 3629 1.
280 3574 378 3644 uitem]
406 3575 510 3629 uincere
538 3575 585 3630 Po
690 3577 849 3646 genitricem
877 3578 934 3632 BT
1034 3581 1128 3632 munet
1154 3578 1183 3634 Β

110 3662 213 3715 8eunt
231 3660 337 3727 addidi,
364 3676 416 3716 om.
436 3662 503 3716 lteri
600 3679 653 3732 qna
671 3662 711 3717 L¹
809 3662 978 3718 diniamtae
994 3665 1103 3734 scripsi,
1129 3664 1251 3719 Meneta

109 3748 178 3801 tetri
270 3746 475 3815 leucocoum,
494 3749 669 3804 uestistisL¹
762 3748 1184 3817 erubeaoo(eexc?ietroa.)lo

110 3832 301 3901 cognitorisB
398 3832 428 3887 11
448 3832 616 3889 damnataL
714 3836 748 3890 14
763 3835 918 3891 examtatB
1014 3836 1184 3906 superetinB

112 3918 144 3972 15
164 3918 318 3987 appellatur
336 3920 372 3987 B,
399 3920 520 3975 uellatur
539 3920 621 3976 Sim.
720 3922 858 3977 reducitur
876 3926 919 3988 (ur
936 3938 970 3977 ca
986 3938 1017 3977 as
1034 3926 1115 3988 corr.)
1136 3922 1163 3977 Τ

163 4018 238 4075 XVI.
269 4022 302 4076 18
324 4023 434 4077 nomine
457 4023 568 4091 praemii
592 4022 618 4077 Τ
719 4026 753 4079 19
777 4025 939 4096 postulauit]
958 4026 1151 4081 masmanna
1167 4026 1253 4083 tertia

109 4126 194 4179 enee.
212 4124 278 4179 odd.
298 4124 380 4180 Sim
476 4126 511 4181 20
528 4126 638 4181 uictoris
656 4126 697 4182 11²
792 4128 829 4182 22
845 4115 882 4182 de‘
896 4126 925 4183 B
1018 4128 1110 4185 diduci
1128 4130 1186 4187 BV

110 4210 289 4277 penitentiam
308 4210 366 4265 BT
466 4213 578 4267 nomina
595 4212 623 4267 B
726 4214 762 4269 22
784 4215 851 4269 uota
868 4213 998 4269 inierunt
1014 4216 1055 4283 Β,
1083 4220 1252 4273 uocauerunt

110 4296 151 4350 L¹
255 4296 336 4351 homo
355 4296 438 4353 Sim.
540 4299 575 4353 24
593 4299 719 4354 inimicus
737 4301 766 4355 Β
