<?xml version="1.0" encoding="UTF-8"?>
<!DOCTYPE html PUBLIC "-//W3C//DTD XHTML 1.0 Transitional//EN"
    "http://www.w3.org/TR/xhtml1/DTD/xhtml1-transitional.dtd">
<html xmlns="http://www.w3.org/1999/xhtml" xml:lang="en" lang="en">
 <head>
  <title>
</title>
<meta http-equiv="Content-Type" content="text/html;charset=utf-8" />
  <meta name='ocr-system' content='tesseract 3.04.00' />
  <meta name='ocr-capabilities' content='ocr_page ocr_carea ocr_par ocr_line ocrx_word'/>
</head>
<body>
  <div class='ocr_page' id='page_1' title='image "./corpusscriptoru13wissgoog_0408.png"; bbox 0 0 2934 4934; ppageno 0'>
   <div class='ocr_carea' id='block_1_1' title="bbox 256 326 1023 402">
    <p class='ocr_par' dir='ltr' id='par_1_1' title="bbox 256 326 1023 402">
     <span class='ocr_line' id='line_1_1' title="bbox 256 326 1023 402; baseline -0.013 -10"><span class='ocrx_word' id='word_1_1' title='bbox 256 331 321 398; x_wconf 87' lang='grc'><strong>310</strong></span> <span class='ocrx_word' id='word_1_2' title='bbox 615 329 727 402; x_wconf 79' lang='lat' dir='ltr'><strong>Magni</strong></span> <span class='ocrx_word' id='word_1_3' title='bbox 745 327 875 384; x_wconf 76' lang='lat' dir='ltr'><strong>Felicia</strong></span> <span class='ocrx_word' id='word_1_4' title='bbox 890 326 1023 382; x_wconf 77' lang='lat' dir='ltr'><strong>annoni</strong></span> 
     </span>
    </p>
   </div>
   <div class='ocr_carea' id='block_1_2' title="bbox 145 519 1372 604">
    <p class='ocr_par' dir='ltr' id='par_1_2' title="bbox 145 519 1372 604">
     <span class='ocr_line' id='line_1_2' title="bbox 145 519 1372 604; baseline 0.004 -24"><span class='ocrx_word' id='word_1_5' title='bbox 145 575 147 580; x_wconf 79' lang='grc'>,</span> <span class='ocrx_word' id='word_1_6' title='bbox 255 519 361 600; x_wconf 77' lang='lat' dir='ltr'><strong>lenda,</strong></span> <span class='ocrx_word' id='word_1_7' title='bbox 384 519 488 589; x_wconf 88' lang='lat' dir='ltr'><strong>oculos</strong></span> <span class='ocrx_word' id='word_1_8' title='bbox 511 519 662 586; x_wconf 88' lang='lat' dir='ltr'><strong>addeum</strong></span> <span class='ocrx_word' id='word_1_9' title='bbox 684 519 845 604; x_wconf 78' lang='lat' dir='ltr'><strong>paulisper</strong></span> <span class='ocrx_word' id='word_1_10' title='bbox 866 519 1009 586; x_wconf 75' lang='lat' dir='ltr'><strong>adtollite</strong></span> <span class='ocrx_word' id='word_1_11' title='bbox 1025 519 1057 584; x_wconf 89' lang='lat' dir='ltr'><strong>et</strong></span> <span class='ocrx_word' id='word_1_12' title='bbox 1071 521 1123 586; x_wconf 91' lang='lat' dir='ltr'><strong>uel</strong></span> <span class='ocrx_word' id='word_1_13' title='bbox 1136 519 1226 585; x_wconf 88' lang='lat' dir='ltr'><strong>breui</strong></span> <span class='ocrx_word' id='word_1_14' title='bbox 1241 521 1372 603; x_wconf 86' lang='lat' dir='ltr'><strong>tempore</strong></span> 
     </span>
    </p>
   </div>
   <div class='ocr_carea' id='block_1_3' title="bbox 178 616 1432 2980">
    <p class='ocr_par' dir='ltr' id='par_1_3' title="bbox 178 616 1432 2980">
     <span class='ocr_line' id='line_1_3' title="bbox 257 616 1372 708; baseline -0.003 -17"><span class='ocrx_word' id='word_1_15' title='bbox 257 623 379 691; x_wconf 76' lang='lat' dir='ltr'><strong>sinistri</strong></span> <span class='ocrx_word' id='word_1_16' title='bbox 407 619 569 690; x_wconf 86' lang='lat' dir='ltr'><strong>monitoris</strong></span> <span class='ocrx_word' id='word_1_17' title='bbox 597 623 685 690; x_wconf 82' lang='lat' dir='ltr'><strong>iussa</strong></span> <span class='ocrx_word' id='word_1_18' title='bbox 713 624 914 690; x_wconf 86' lang='lat' dir='ltr'><strong>contemnite.</strong></span> <span class='ocrx_word' id='word_1_19' title='bbox 953 621 1125 706; x_wconf 82' lang='lat' dir='ltr'><strong>agnoscitis</strong></span> <span class='ocrx_word' id='word_1_20' title='bbox 1152 616 1268 688; x_wconf 90' lang='lat' dir='ltr'><strong>summi</strong></span> <span class='ocrx_word' id='word_1_21' title='bbox 1294 622 1372 708; x_wconf 86' lang='lat' dir='ltr'><strong>regis</strong></span> 
     </span>
     <span class='ocr_line' id='line_1_4' title="bbox 256 723 1374 821; baseline -0.001 -29"><span class='ocrx_word' id='word_1_22' title='bbox 256 725 523 813; x_wconf 76' lang='lat' dir='ltr'><strong>praeceptionibus</strong></span> <span class='ocrx_word' id='word_1_23' title='bbox 543 744 599 792; x_wconf 90' lang='lat' dir='ltr'><strong>uos</strong></span> <span class='ocrx_word' id='word_1_24' title='bbox 626 726 658 800; x_wconf 84' lang='lat' dir='ltr'><strong>iu</strong></span> <span class='ocrx_word' id='word_1_25' title='bbox 681 723 747 803; x_wconf 90' lang='lat' dir='ltr'><strong>his,</strong></span> <span class='ocrx_word' id='word_1_26' title='bbox 779 744 858 808; x_wconf 90' lang='lat' dir='ltr'><strong>quae</strong></span> <span class='ocrx_word' id='word_1_27' title='bbox 879 724 991 821; x_wconf 82' lang='lat' dir='ltr'><strong>merito</strong></span> <span class='ocrx_word' id='word_1_28' title='bbox 1013 723 1179 807; x_wconf 85' lang='lat' dir='ltr'><strong>plectenda</strong></span> <span class='ocrx_word' id='word_1_29' title='bbox 1199 724 1288 804; x_wconf 89' lang='lat' dir='ltr'><strong>sunt,</strong></span> <span class='ocrx_word' id='word_1_30' title='bbox 1317 744 1374 791; x_wconf 90' lang='lat' dir='ltr'><strong>non</strong></span> 
     </span>
     <span class='ocr_line' id='line_1_5' title="bbox 256 815 1373 912; baseline -0.002 -17"><span class='ocrx_word' id='word_1_31' title='bbox 256 815 380 909; x_wconf 89' lang='lat' dir='ltr'><strong>muniri,</strong></span> <span class='ocrx_word' id='word_1_32' title='bbox 405 828 491 912; x_wconf 90' lang='lat' dir='ltr'><strong>quia</strong></span> <span class='ocrx_word' id='word_1_33' title='bbox 513 830 669 912; x_wconf 87' lang='lat' dir='ltr'><strong>quamuis</strong></span> <span class='ocrx_word' id='word_1_34' title='bbox 698 830 838 911; x_wconf 86' lang='lat' dir='ltr'><strong>responsi</strong></span> <span class='ocrx_word' id='word_1_35' title='bbox 866 827 1053 911; x_wconf 84' lang='lat' dir='ltr'><strong>qualitatem</strong></span> <span class='ocrx_word' id='word_1_36' title='bbox 1080 825 1200 893; x_wconf 72' lang='lat' dir='ltr'><strong>dicunt</strong></span> <span class='ocrx_word' id='word_1_37' title='bbox 1218 827 1373 909; x_wconf 84' lang='lat' dir='ltr'><strong>dogmata</strong></span> 
     </span>
     <span class='ocr_line' id='line_1_6' title="bbox 256 930 1403 1017; baseline -0.002 -21"><span class='ocrx_word' id='word_1_38' title='bbox 256 931 407 1015; x_wconf 89' lang='lat' dir='ltr'><strong>postulati</strong></span> <span class='ocrx_word' id='word_1_39' title='bbox 435 936 466 998; x_wconf 87' lang='lat' dir='ltr'><strong>ot</strong></span> <span class='ocrx_word' id='word_1_40' title='bbox 493 931 605 1016; x_wconf 88' lang='lat' dir='ltr'><strong>petitio</strong></span> <span class='ocrx_word' id='word_1_41' title='bbox 634 935 710 1000; x_wconf 89' lang='lat' dir='ltr'><strong>dum</strong></span> <span class='ocrx_word' id='word_1_42' title='bbox 740 931 847 999; x_wconf 80' lang='lat' dir='ltr'><strong>existit</strong></span> <span class='ocrx_word' id='word_1_43' title='bbox 874 933 1002 1017; x_wconf 87' lang='lat' dir='ltr'><strong>praeuia</strong></span> <span class='ocrx_word' id='word_1_44' title='bbox 1029 949 1108 1014; x_wconf 88' lang='lat' dir='ltr'><strong>quae</strong></span> <span class='ocrx_word' id='word_1_45' title='bbox 1141 930 1206 999; x_wconf 90' lang='lat' dir='ltr'><strong>sint</strong></span> <span class='ocrx_word' id='word_1_46' title='bbox 1237 932 1403 998; x_wconf 74' lang='lat' dir='ltr'><strong>secuturas</strong></span> 
     </span>
     <span class='ocr_line' id='line_1_7' title="bbox 256 1031 1372 1118; baseline -0.002 -18"><span class='ocrx_word' id='word_1_47' title='bbox 256 1033 424 1115; x_wconf 76' lang='lat' dir='ltr'><strong>describat,</strong></span> <span class='ocrx_word' id='word_1_48' title='bbox 456 1052 626 1118; x_wconf 86' lang='lat' dir='ltr'><strong>numquam</strong></span> <span class='ocrx_word' id='word_1_49' title='bbox 654 1037 760 1100; x_wconf 65' lang='lat' dir='ltr'><strong>umen</strong></span> <span class='ocrx_word' id='word_1_50' title='bbox 790 1035 929 1100; x_wconf 88' lang='lat' dir='ltr'><strong>cassibus</strong></span> <span class='ocrx_word' id='word_1_51' title='bbox 960 1033 1073 1100; x_wconf 88' lang='lat' dir='ltr'><strong>uostris</strong></span> <span class='ocrx_word' id='word_1_52' title='bbox 1095 1031 1195 1099; x_wconf 88' lang='lat' dir='ltr'><strong>libera</strong></span> <span class='ocrx_word' id='word_1_53' title='bbox 1216 1035 1372 1118; x_wconf 84' lang='lat' dir='ltr'><strong>regnantis</strong></span> 
     </span>
     <span class='ocr_line' id='line_1_8' title="bbox 254 1136 1372 1224; baseline -0.003 -21"><span class='ocrx_word' id='word_1_54' title='bbox 254 1137 351 1204; x_wconf 80' lang='lat' dir='ltr'><strong>umba</strong></span> <span class='ocrx_word' id='word_1_55' title='bbox 379 1137 521 1224; x_wconf 87' lang='lat' dir='ltr'><strong>cepistis,</strong></span> <span class='ocrx_word' id='word_1_56' title='bbox 554 1158 726 1223; x_wconf 87' lang='lat' dir='ltr'><strong>numquam</strong></span> <span class='ocrx_word' id='word_1_57' title='bbox 756 1136 917 1204; x_wconf 86' lang='lat' dir='ltr'><strong>desideriis</strong></span> <span class='ocrx_word' id='word_1_58' title='bbox 946 1156 1002 1222; x_wconf 91' lang='lat' dir='ltr'><strong>per</strong></span> <span class='ocrx_word' id='word_1_59' title='bbox 1029 1137 1165 1220; x_wconf 86' lang='lat' dir='ltr'><strong>aucupia</strong></span> <span class='ocrx_word' id='word_1_60' title='bbox 1195 1136 1372 1203; x_wconf 85' lang='lat' dir='ltr'><strong>calliditatis</strong></span> 
     </span>
     <span class='ocr_line' id='line_1_9' title="bbox 255 1238 1374 1328; baseline -0.004 -20"><span class='ocrx_word' id='word_1_61' title='bbox 255 1243 428 1326; x_wconf 83' lang='lat' dir='ltr'><strong>imperialia</strong></span> <span class='ocrx_word' id='word_1_62' title='bbox 455 1241 546 1308; x_wconf 87' lang='lat' dir='ltr'><strong>uobis</strong></span> <span class='ocrx_word' id='word_1_63' title='bbox 574 1243 693 1328; x_wconf 89' lang='lat' dir='ltr'><strong>scripta</strong></span> <span class='ocrx_word' id='word_1_64' title='bbox 720 1241 909 1310; x_wconf 88' lang='lat' dir='ltr'><strong>militarunt.</strong></span> <span class='ocrx_word' id='word_1_65' title='bbox 948 1239 1094 1326; x_wconf 88' lang='lat' dir='ltr'><strong>quotiens</strong></span> <span class='ocrx_word' id='word_1_66' title='bbox 1122 1240 1211 1307; x_wconf 86' lang='lat' dir='ltr'><strong>uanis</strong></span> <span class='ocrx_word' id='word_1_67' title='bbox 1242 1238 1374 1307; x_wconf 87' lang='lat' dir='ltr'><strong>hiatibus</strong></span> 
     </span>
     <span class='ocr_line' id='line_1_10' title="bbox 253 1343 1372 1429; baseline -0.001 -19"><span class='ocrx_word' id='word_1_68' title='bbox 253 1343 384 1410; x_wconf 88' lang='lat' dir='ltr'><strong>nocendi</strong></span> <span class='ocrx_word' id='word_1_69' title='bbox 406 1344 553 1413; x_wconf 82' lang='lat' dir='ltr'><strong>inestican</strong></span> <span class='ocrx_word' id='word_1_70' title='bbox 574 1363 694 1414; x_wconf 87' lang='lat' dir='ltr'><strong>morsus</strong></span> <span class='ocrx_word' id='word_1_71' title='bbox 716 1346 895 1429; x_wconf 80' lang='lat' dir='ltr'><strong>increpuit?</strong></span> <span class='ocrx_word' id='word_1_72' title='bbox 918 1345 1060 1429; x_wconf 91' lang='lat' dir='ltr'><strong>quotiens</strong></span> <span class='ocrx_word' id='word_1_73' title='bbox 1076 1344 1115 1410; x_wconf 91' lang='lat' dir='ltr'><strong>de</strong></span> <span class='ocrx_word' id='word_1_74' title='bbox 1131 1348 1278 1410; x_wconf 86' lang='lat' dir='ltr'><strong>accusato</strong></span> <span class='ocrx_word' id='word_1_75' title='bbox 1294 1346 1372 1428; x_wconf 91' lang='lat' dir='ltr'><strong>quic-</strong></span> 
     </span>
     <span class='ocr_line' id='line_1_11' title="bbox 256 1446 1402 1536; baseline -0.003 -22"><span class='ocrx_word' id='word_1_76' title='bbox 256 1446 331 1529; x_wconf 91' lang='lat' dir='ltr'><strong>quid</strong></span> <span class='ocrx_word' id='word_1_77' title='bbox 363 1465 418 1532; x_wconf 88' lang='lat' dir='ltr'><strong>spe</strong></span> <span class='ocrx_word' id='word_1_78' title='bbox 450 1448 600 1516; x_wconf 88' lang='lat' dir='ltr'><strong>tenuistis</strong></span> <span class='ocrx_word' id='word_1_79' title='bbox 633 1447 746 1536; x_wconf 81' lang='lat' dir='ltr'><strong>effugit</strong></span> <span class='ocrx_word' id='word_1_80' title='bbox 779 1452 811 1515; x_wconf 88' lang='lat' dir='ltr'><strong>et</strong></span> <span class='ocrx_word' id='word_1_81' title='bbox 843 1466 957 1515; x_wconf 89' lang='lat' dir='ltr'><strong>uacuos</strong></span> <span class='ocrx_word' id='word_1_82' title='bbox 990 1448 1094 1534; x_wconf 80' lang='lat' dir='ltr'><strong>imago</strong></span> <span class='ocrx_word' id='word_1_83' title='bbox 1126 1449 1402 1532; x_wconf 87' lang='lat' dir='ltr'><strong>praesumptionen</strong></span> 
     </span>
     <span class='ocr_line' id='line_1_12' title="bbox 255 1549 1372 1636; baseline -0.001 -21"><span class='ocrx_word' id='word_1_84' title='bbox 255 1551 405 1635; x_wconf 89' lang='lat' dir='ltr'><strong>occupata</strong></span> <span class='ocrx_word' id='word_1_85' title='bbox 427 1549 586 1618; x_wconf 84' lang='lat' dir='ltr'><strong>deseruit?</strong></span> <span class='ocrx_word' id='word_1_86' title='bbox 619 1551 675 1618; x_wconf 86' lang='lat' dir='ltr'><strong>deo</strong></span> <span class='ocrx_word' id='word_1_87' title='bbox 696 1552 826 1636; x_wconf 82' lang='lat' dir='ltr'><strong>gratias,</strong></span> <span class='ocrx_word' id='word_1_88' title='bbox 848 1551 902 1635; x_wconf 88' lang='lat' dir='ltr'><strong>qui</strong></span> <span class='ocrx_word' id='word_1_89' title='bbox 917 1552 998 1617; x_wconf 91' lang='lat' dir='ltr'><strong>hano</strong></span> <span class='ocrx_word' id='word_1_90' title='bbox 1019 1550 1250 1635; x_wconf 89' lang='lat' dir='ltr'><strong>prouidentiam</strong></span> <span class='ocrx_word' id='word_1_91' title='bbox 1265 1551 1372 1616; x_wconf 90' lang='lat' dir='ltr'><strong>indidit</strong></span> 
     </span>
     <span class='ocr_line' id='line_1_13' title="bbox 256 1643 1371 1738; baseline -0.002 -19"><span class='ocrx_word' id='word_1_92' title='bbox 256 1654 293 1734; x_wconf 86' lang='lat' dir='ltr'><strong>ci,</strong></span> <span class='ocrx_word' id='word_1_93' title='bbox 317 1653 367 1721; x_wconf 93' lang='lat' dir='ltr'><strong>cui</strong></span> <span class='ocrx_word' id='word_1_94' title='bbox 389 1673 492 1720; x_wconf 92' lang='lat' dir='ltr'><strong>rerum</strong></span> <span class='ocrx_word' id='word_1_95' title='bbox 516 1655 723 1722; x_wconf 88' lang='lat' dir='ltr'><strong>humanarum</strong></span> <span class='ocrx_word' id='word_1_96' title='bbox 745 1673 869 1722; x_wconf 87' lang='lat' dir='ltr'><strong>summa</strong></span> <span class='ocrx_word' id='word_1_97' title='bbox 891 1643 1047 1721; x_wconf 87' lang='lat' dir='ltr'><strong>conmisit.</strong></span> <span class='ocrx_word' id='word_1_98' title='bbox 1079 1672 1148 1738; x_wconf 90' lang='lat' dir='ltr'><strong>spes</strong></span> <span class='ocrx_word' id='word_1_99' title='bbox 1163 1659 1250 1719; x_wconf 85' lang='lat' dir='ltr'><strong>cert-a</strong></span> <span class='ocrx_word' id='word_1_100' title='bbox 1265 1653 1371 1738; x_wconf 88' lang='lat' dir='ltr'><strong>quietis</strong></span> 
     </span>
     <span class='ocr_line' id='line_1_14' title="bbox 255 1757 1372 1844; baseline 0.001 -23"><span class='ocrx_word' id='word_1_101' title='bbox 255 1759 304 1822; x_wconf 87' lang='lat' dir='ltr'><strong>ost</strong></span> <span class='ocrx_word' id='word_1_102' title='bbox 327 1759 360 1821; x_wconf 90' lang='lat' dir='ltr'><strong>et</strong></span> <span class='ocrx_word' id='word_1_103' title='bbox 381 1757 493 1824; x_wconf 85' lang='lat' dir='ltr'><strong>salutis</strong></span> <span class='ocrx_word' id='word_1_104' title='bbox 516 1759 656 1844; x_wconf 86' lang='lat' dir='ltr'><strong>perfecta</strong></span> <span class='ocrx_word' id='word_1_105' title='bbox 671 1759 703 1825; x_wconf 92' lang='lat' dir='ltr'><strong>in</strong></span> <span class='ocrx_word' id='word_1_106' title='bbox 717 1760 925 1842; x_wconf 83' lang='lat' dir='ltr'><strong>gubernatore</strong></span> <span class='ocrx_word' id='word_1_107' title='bbox 947 1757 1110 1841; x_wconf 88' lang='lat' dir='ltr'><strong>sapientia.</strong></span> <span class='ocrx_word' id='word_1_108' title='bbox 1144 1759 1268 1842; x_wconf 89' lang='lat' dir='ltr'><strong>puppis,</strong></span> <span class='ocrx_word' id='word_1_109' title='bbox 1292 1759 1372 1823; x_wconf 85' lang='lat' dir='ltr'><strong>ouius</strong></span> 
     </span>
     <span class='ocr_line' id='line_1_15' title="bbox 254 1860 1432 1946; baseline -0.004 -20"><span class='ocrx_word' id='word_1_110' title='bbox 254 1860 405 1944; x_wconf 89' lang='lat' dir='ltr'><strong>magister</strong></span> <span class='ocrx_word' id='word_1_111' title='bbox 426 1862 466 1927; x_wconf 88' lang='lat' dir='ltr'><strong>ad</strong></span> <span class='ocrx_word' id='word_1_112' title='bbox 489 1862 570 1928; x_wconf 89' lang='lat' dir='ltr'><strong>claui</strong></span> <span class='ocrx_word' id='word_1_113' title='bbox 593 1862 730 1946; x_wconf 86' lang='lat' dir='ltr'><strong>regimen</strong></span> <span class='ocrx_word' id='word_1_114' title='bbox 746 1861 926 1929; x_wconf 89' lang='lat' dir='ltr'><strong>intellectus</strong></span> <span class='ocrx_word' id='word_1_115' title='bbox 942 1860 1015 1926; x_wconf 89' lang='lat' dir='ltr'><strong>dota</strong></span> <span class='ocrx_word' id='word_1_116' title='bbox 1027 1864 1241 1944; x_wconf 86' lang='lat' dir='ltr'><strong>praeparatur,</strong></span> <span class='ocrx_word' id='word_1_117' title='bbox 1264 1861 1372 1944; x_wconf 87' lang='lat' dir='ltr'><strong>ubique</strong></span> <span class='ocrx_word' id='word_1_118' title='bbox 1431 1916 1432 1921; x_wconf 75' lang='grc'>,</span> 
     </span>
     <span class='ocr_line' id='line_1_16' title="bbox 256 1963 1401 2049; baseline -0.001 -21"><span class='ocrx_word' id='word_1_119' title='bbox 256 1963 432 2044; x_wconf 84' lang='lat' dir='ltr'><strong>stationem,</strong></span> <span class='ocrx_word' id='word_1_120' title='bbox 455 1963 571 2048; x_wconf 88' lang='lat' dir='ltr'><strong>ubique</strong></span> <span class='ocrx_word' id='word_1_121' title='bbox 593 1965 720 2048; x_wconf 87' lang='lat' dir='ltr'><strong>portum</strong></span> <span class='ocrx_word' id='word_1_122' title='bbox 743 1963 838 2031; x_wconf 91' lang='lat' dir='ltr'><strong>babet</strong></span> <span class='ocrx_word' id='word_1_123' title='bbox 859 1966 892 2031; x_wconf 89' lang='lat' dir='ltr'><strong>in</strong></span> <span class='ocrx_word' id='word_1_124' title='bbox 912 1963 1073 2030; x_wconf 85' lang='lat' dir='ltr'><strong>fluctibus.</strong></span> <span class='ocrx_word' id='word_1_125' title='bbox 1108 1965 1193 2030; x_wconf 88' lang='lat' dir='ltr'><strong>certa</strong></span> <span class='ocrx_word' id='word_1_126' title='bbox 1215 1964 1264 2028; x_wconf 90' lang='lat' dir='ltr'><strong>est</strong></span> <span class='ocrx_word' id='word_1_127' title='bbox 1282 1982 1401 2049; x_wconf 80' lang='lat' dir='ltr'><strong>gene-u</strong></span> 
     </span>
     <span class='ocr_line' id='line_1_17' title="bbox 254 2066 1375 2158; baseline 0 -28"><span class='ocrx_word' id='word_1_128' title='bbox 254 2066 393 2134; x_wconf 87' lang='lat' dir='ltr'><strong>ralitatis</strong></span> <span class='ocrx_word' id='word_1_129' title='bbox 415 2069 577 2148; x_wconf 75' lang='lat' dir='ltr'><strong>securitas,</strong></span> <span class='ocrx_word' id='word_1_130' title='bbox 600 2067 721 2152; x_wconf 91' lang='lat' dir='ltr'><strong>quando</strong></span> <span class='ocrx_word' id='word_1_131' title='bbox 743 2067 971 2158; x_wconf 82' lang='lat' dir='ltr'><strong>rempublicam</strong></span> <span class='ocrx_word' id='word_1_132' title='bbox 987 2067 1144 2134; x_wconf 89' lang='lat' dir='ltr'><strong>nobilibus</strong></span> <span class='ocrx_word' id='word_1_133' title='bbox 1166 2068 1375 2150; x_wconf 81' lang='lat' dir='ltr'><strong>rogitantibus</strong></span> 
     </span>
     <span class='ocr_line' id='line_1_18' title="bbox 254 2169 1375 2255; baseline 0.002 -21"><span class='ocrx_word' id='word_1_134' title='bbox 254 2169 429 2238; x_wconf 89' lang='lat' dir='ltr'><strong>institutus.</strong></span> <span class='ocrx_word' id='word_1_135' title='bbox 454 2171 514 2237; x_wconf 92' lang='lat' dir='ltr'><strong>scit</strong></span> <span class='ocrx_word' id='word_1_136' title='bbox 535 2171 732 2255; x_wconf 87' lang='lat' dir='ltr'><strong>imperatoris</strong></span> <span class='ocrx_word' id='word_1_137' title='bbox 756 2170 855 2238; x_wconf 86' lang='lat' dir='ltr'><strong>nostri</strong></span> <span class='ocrx_word' id='word_1_138' title='bbox 877 2171 963 2239; x_wconf 88' lang='lat' dir='ltr'><strong>caelo</strong></span> <span class='ocrx_word' id='word_1_139' title='bbox 985 2170 1090 2236; x_wconf 86' lang='lat' dir='ltr'><strong>infusa</strong></span> <span class='ocrx_word' id='word_1_140' title='bbox 1113 2170 1304 2254; x_wconf 73' lang='lat' dir='ltr'><strong>dispensmb</strong></span> <span class='ocrx_word' id='word_1_141' title='bbox 1326 2172 1375 2236; x_wconf 92' lang='lat' dir='ltr'><strong>ob-</strong></span> 
     </span>
     <span class='ocr_line' id='line_1_19' title="bbox 238 2271 1375 2365; baseline 0 -27"><span class='ocrx_word' id='word_1_142' title='bbox 238 2271 339 2352; x_wconf 84' lang='lat' dir='ltr'><strong>uiam</strong></span> <span class='ocrx_word' id='word_1_143' title='bbox 361 2289 489 2340; x_wconf 88' lang='lat' dir='ltr'><strong>manum</strong></span> <span class='ocrx_word' id='word_1_144' title='bbox 518 2273 644 2342; x_wconf 86' lang='lat' dir='ltr'><strong>famosis</strong></span> <span class='ocrx_word' id='word_1_145' title='bbox 670 2273 704 2339; x_wconf 92' lang='lat' dir='ltr'><strong>in</strong></span> <span class='ocrx_word' id='word_1_146' title='bbox 729 2273 907 2341; x_wconf 80' lang='lat' dir='ltr'><strong>fallendum</strong></span> <span class='ocrx_word' id='word_1_147' title='bbox 929 2273 1063 2365; x_wconf 87' lang='lat' dir='ltr'><strong>ingeniis</strong></span> <span class='ocrx_word' id='word_1_148' title='bbox 1087 2273 1241 2342; x_wconf 83' lang='lat' dir='ltr'><strong>exhibere.</strong></span> <span class='ocrx_word' id='word_1_149' title='bbox 1276 2274 1375 2342; x_wconf 88' lang='lat' dir='ltr'><strong>labore</strong></span> 
     </span>
     <span class='ocr_line' id='line_1_20' title="bbox 239 2376 1375 2461; baseline 0.003 -22"><span class='ocrx_word' id='word_1_150' title='bbox 239 2377 336 2459; x_wconf 35' lang='lat' dir='ltr'><strong>,apud</strong></span> <span class='ocrx_word' id='word_1_151' title='bbox 358 2395 430 2442; x_wconf 89' lang='lat' dir='ltr'><strong>eum</strong></span> <span class='ocrx_word' id='word_1_152' title='bbox 452 2393 515 2443; x_wconf 93' lang='lat' dir='ltr'><strong>non</strong></span> <span class='ocrx_word' id='word_1_153' title='bbox 537 2394 615 2461; x_wconf 92' lang='lat' dir='ltr'><strong>opus</strong></span> <span class='ocrx_word' id='word_1_154' title='bbox 637 2381 700 2455; x_wconf 89' lang='lat' dir='ltr'><strong>est,</strong></span> <span class='ocrx_word' id='word_1_155' title='bbox 733 2395 825 2461; x_wconf 91' lang='lat' dir='ltr'><strong>quem</strong></span> <span class='ocrx_word' id='word_1_156' title='bbox 853 2376 965 2443; x_wconf 89' lang='lat' dir='ltr'><strong>sortita</strong></span> <span class='ocrx_word' id='word_1_157' title='bbox 987 2380 1036 2442; x_wconf 87' lang='lat' dir='ltr'><strong>est</strong></span> <span class='ocrx_word' id='word_1_158' title='bbox 1057 2377 1133 2442; x_wconf 90' lang='lat' dir='ltr'><strong>olim</strong></span> <span class='ocrx_word' id='word_1_159' title='bbox 1156 2379 1240 2444; x_wconf 89' lang='lat' dir='ltr'><strong>nuda</strong></span> <span class='ocrx_word' id='word_1_160' title='bbox 1262 2381 1375 2445; x_wconf 85' lang='lat' dir='ltr'><strong>ueritas</strong></span> 
     </span>
     <span class='ocr_line' id='line_1_21' title="bbox 178 2476 1404 2564; baseline 0 -21"><span class='ocrx_word' id='word_1_161' title='bbox 178 2501 181 2510; x_wconf 95' lang='lat'>·</span> <span class='ocrx_word' id='word_1_162' title='bbox 255 2476 454 2544; x_wconf 86' lang='lat' dir='ltr'><strong>defensorem.</strong></span> <span class='ocrx_word' id='word_1_163' title='bbox 491 2479 614 2545; x_wconf 76' lang='lat' dir='ltr'><strong>cessam</strong></span> <span class='ocrx_word' id='word_1_164' title='bbox 640 2480 729 2563; x_wconf 89' lang='lat' dir='ltr'><strong>impii</strong></span> <span class='ocrx_word' id='word_1_165' title='bbox 760 2480 969 2547; x_wconf 79' lang='lat' dir='ltr'><strong>commenticia</strong></span> <span class='ocrx_word' id='word_1_166' title='bbox 995 2483 1076 2563; x_wconf 91' lang='lat' dir='ltr'><strong>apud</strong></span> <span class='ocrx_word' id='word_1_167' title='bbox 1107 2480 1198 2545; x_wconf 91' lang='lat' dir='ltr'><strong>illum</strong></span> <span class='ocrx_word' id='word_1_168' title='bbox 1221 2479 1404 2564; x_wconf 79' lang='lat' dir='ltr'><strong>simplici-a</strong></span> 
     </span>
     <span class='ocr_line' id='line_1_22' title="bbox 252 2581 1375 2668; baseline 0 -21"><span class='ocrx_word' id='word_1_169' title='bbox 252 2581 354 2647; x_wconf 89' lang='lat' dir='ltr'><strong>tatem</strong></span> <span class='ocrx_word' id='word_1_170' title='bbox 376 2581 484 2648; x_wconf 84' lang='lat' dir='ltr'><strong>fraude</strong></span> <span class='ocrx_word' id='word_1_171' title='bbox 505 2581 646 2649; x_wconf 87' lang='lat' dir='ltr'><strong>mentiri:</strong></span> <span class='ocrx_word' id='word_1_172' title='bbox 669 2583 817 2668; x_wconf 90' lang='lat' dir='ltr'><strong>quicquid</strong></span> <span class='ocrx_word' id='word_1_173' title='bbox 840 2602 873 2649; x_wconf 89' lang='lat' dir='ltr'><strong>se</strong></span> <span class='ocrx_word' id='word_1_174' title='bbox 895 2586 1044 2654; x_wconf 84' lang='lat' dir='ltr'><strong>aduersus</strong></span> <span class='ocrx_word' id='word_1_175' title='bbox 1066 2584 1223 2650; x_wconf 86' lang='lat' dir='ltr'><strong>iustitiam</strong></span> <span class='ocrx_word' id='word_1_176' title='bbox 1243 2582 1375 2651; x_wconf 88' lang='lat' dir='ltr'><strong>mouerit</strong></span> 
     </span>
     <span class='ocr_line' id='line_1_23' title="bbox 254 2685 1374 2771; baseline -0.002 -21"><span class='ocrx_word' id='word_1_177' title='bbox 254 2703 324 2751; x_wconf 82' lang='lat' dir='ltr'><strong>mox</strong></span> <span class='ocrx_word' id='word_1_178' title='bbox 357 2687 496 2752; x_wconf 90' lang='lat' dir='ltr'><strong>tenetur:</strong></span> <span class='ocrx_word' id='word_1_179' title='bbox 530 2685 609 2752; x_wconf 90' lang='lat' dir='ltr'><strong>nihil</strong></span> <span class='ocrx_word' id='word_1_180' title='bbox 641 2686 723 2771; x_wconf 91' lang='lat' dir='ltr'><strong>apud</strong></span> <span class='ocrx_word' id='word_1_181' title='bbox 756 2686 952 2770; x_wconf 89' lang='lat' dir='ltr'><strong>praedictum</strong></span> <span class='ocrx_word' id='word_1_182' title='bbox 980 2689 1080 2754; x_wconf 89' lang='lat' dir='ltr'><strong>tutius</strong></span> <span class='ocrx_word' id='word_1_183' title='bbox 1108 2686 1290 2754; x_wconf 90' lang='lat' dir='ltr'><strong>innocentia</strong></span> <span class='ocrx_word' id='word_1_184' title='bbox 1317 2691 1374 2752; x_wconf 86' lang='lat' dir='ltr'><strong>ast:</strong></span> 
     </span>
     <span class='ocr_line' id='line_1_24' title="bbox 251 2786 1372 2877; baseline 0 -24"><span class='ocrx_word' id='word_1_185' title='bbox 251 2786 409 2874; x_wconf 88' lang='lat' dir='ltr'><strong>legatione</strong></span> <span class='ocrx_word' id='word_1_186' title='bbox 431 2789 537 2856; x_wconf 92' lang='lat' dir='ltr'><strong>ualida</strong></span> <span class='ocrx_word' id='word_1_187' title='bbox 559 2790 660 2855; x_wconf 89' lang='lat' dir='ltr'><strong>utitur</strong></span> <span class='ocrx_word' id='word_1_188' title='bbox 682 2789 737 2872; x_wconf 90' lang='lat' dir='ltr'><strong>qui</strong></span> <span class='ocrx_word' id='word_1_189' title='bbox 759 2790 910 2877; x_wconf 90' lang='lat' dir='ltr'><strong>aequitati</strong></span> <span class='ocrx_word' id='word_1_190' title='bbox 933 2793 983 2855; x_wconf 80' lang='lat' dir='ltr'><strong>&#39;res</strong></span> <span class='ocrx_word' id='word_1_191' title='bbox 1002 2795 1206 2876; x_wconf 87' lang='lat' dir='ltr'><strong>congruentes</strong></span> <span class='ocrx_word' id='word_1_192' title='bbox 1221 2790 1372 2856; x_wconf 90' lang='lat' dir='ltr'><strong>insinuat:</strong></span> 
     </span>
     <span class='ocr_line' id='line_1_25' title="bbox 255 2890 1374 2980; baseline -0.003 -21"><span class='ocrx_word' id='word_1_193' title='bbox 255 2909 332 2980; x_wconf 87' lang='lat' dir='ltr'><strong>quae</strong></span> <span class='ocrx_word' id='word_1_194' title='bbox 353 2894 458 2980; x_wconf 64' lang='lat' dir='ltr'><strong>mauis</strong></span> <span class='ocrx_word' id='word_1_195' title='bbox 472 2894 520 2958; x_wconf 90' lang='lat' dir='ltr'><strong>ost</strong></span> <span class='ocrx_word' id='word_1_196' title='bbox 535 2891 718 2978; x_wconf 89' lang='lat' dir='ltr'><strong>plemmque</strong></span> <span class='ocrx_word' id='word_1_197' title='bbox 734 2890 934 2979; x_wconf 85' lang='lat' dir='ltr'><strong>principibus</strong></span> <span class='ocrx_word' id='word_1_198' title='bbox 957 2892 1152 2978; x_wconf 80' lang='lat' dir='ltr'><strong>inpugnaoin,</strong></span> <span class='ocrx_word' id='word_1_199' title='bbox 1176 2893 1281 2960; x_wconf 89' lang='lat' dir='ltr'><strong>minus</strong></span> <span class='ocrx_word' id='word_1_200' title='bbox 1302 2891 1374 2958; x_wconf 89' lang='lat' dir='ltr'><strong>fide·</strong></span> 
     </span>
    </p>
   </div>
   <div class='ocr_carea' id='block_1_4' title="bbox 252 3109 1376 3524">
    <p class='ocr_par' dir='ltr' id='par_1_4' title="bbox 252 3109 1376 3524">
     <span class='ocr_line' id='line_1_26' title="bbox 306 3109 1376 3182; baseline -0.001 -16"><span class='ocrx_word' id='word_1_201' title='bbox 306 3113 424 3166; x_wconf 84' lang='lat' dir='ltr'><strong>loculis</strong></span> <span class='ocrx_word' id='word_1_202' title='bbox 445 3113 480 3167; x_wconf 79' lang='lat' dir='ltr'><strong>V&#39;</strong></span> <span class='ocrx_word' id='word_1_203' title='bbox 565 3111 717 3166; x_wconf 76' lang='lat' dir='ltr'><strong>imouitus</strong></span> <span class='ocrx_word' id='word_1_204' title='bbox 734 3109 763 3167; x_wconf 87' lang='grc' dir='ltr'><strong><em>Β</em></strong></span> <span class='ocrx_word' id='word_1_205' title='bbox 849 3112 1030 3182; x_wconf 82' lang='lat' dir='ltr'><strong>contempnite</strong></span> <span class='ocrx_word' id='word_1_206' title='bbox 1046 3111 1219 3169; x_wconf 80' lang='lat' dir='ltr'><strong><em>ABLRTV</em></strong></span> <span class='ocrx_word' id='word_1_207' title='bbox 1298 3111 1376 3181; x_wconf 82' lang='lat' dir='ltr'><strong>3qui</strong></span> 
     </span>
     <span class='ocr_line' id='line_1_27' title="bbox 253 3195 1376 3269; baseline 0.002 -17"><span class='ocrx_word' id='word_1_208' title='bbox 253 3195 290 3252; x_wconf 78' lang='lat'><strong>1²¹</strong></span> <span class='ocrx_word' id='word_1_209' title='bbox 391 3195 533 3267; x_wconf 77' lang='lat' dir='ltr'><strong>plantanda</strong></span> <span class='ocrx_word' id='word_1_210' title='bbox 555 3198 583 3251; x_wconf 98' lang='lat' dir='ltr'><strong><em>A</em></strong></span> <span class='ocrx_word' id='word_1_211' title='bbox 684 3197 830 3252; x_wconf 77' lang='lat' dir='ltr'><strong>lmnnori</strong></span> <span class='ocrx_word' id='word_1_212' title='bbox 852 3197 881 3252; x_wconf 87' lang='grc' dir='ltr'><strong><em>Β</em></strong></span> <span class='ocrx_word' id='word_1_213' title='bbox 982 3197 1150 3254; x_wconf 81' lang='lat' dir='ltr'><strong>dioentRan</strong></span> <span class='ocrx_word' id='word_1_214' title='bbox 1252 3200 1376 3269; x_wconf 77' lang='lat' dir='ltr'><strong>bpostu·</strong></span> 
     </span>
     <span class='ocr_line' id='line_1_28' title="bbox 252 3280 1311 3354; baseline 0.002 -16"><span class='ocrx_word' id='word_1_215' title='bbox 252 3283 310 3338; x_wconf 74' lang='lat' dir='ltr'><strong>lata</strong></span> <span class='ocrx_word' id='word_1_216' title='bbox 326 3300 353 3338; x_wconf 80' lang='lat' dir='ltr'><strong>aa</strong></span> <span class='ocrx_word' id='word_1_217' title='bbox 443 3281 551 3339; x_wconf 73' lang='lat' dir='ltr'><strong>emittit</strong></span> <span class='ocrx_word' id='word_1_218' title='bbox 566 3281 623 3339; x_wconf 85' lang='lat' dir='ltr'><strong>AB</strong></span> <span class='ocrx_word' id='word_1_219' title='bbox 711 3282 806 3351; x_wconf 86' lang='lat' dir='ltr'><strong>prauia</strong></span> <span class='ocrx_word' id='word_1_220' title='bbox 821 3282 857 3349; x_wconf 85' lang='grc' dir='ltr'><strong>Β,</strong></span> <span class='ocrx_word' id='word_1_221' title='bbox 886 3280 979 3338; x_wconf 82' lang='lat' dir='ltr'><strong>brania</strong></span> <span class='ocrx_word' id='word_1_222' title='bbox 996 3285 1023 3338; x_wconf 89' lang='lat' dir='ltr'><strong><em>A</em></strong></span> <span class='ocrx_word' id='word_1_223' title='bbox 1120 3290 1268 3354; x_wconf 65' lang='lat' dir='ltr'><strong>amantum</strong></span> <span class='ocrx_word' id='word_1_224' title='bbox 1284 3287 1311 3340; x_wconf 89' lang='lat' dir='ltr'><strong><em>A</em></strong></span> 
     </span>
     <span class='ocr_line' id='line_1_29' title="bbox 252 3367 1311 3436; baseline 0.002 -12"><span class='ocrx_word' id='word_1_225' title='bbox 252 3367 415 3424; x_wconf 76' lang='lat' dir='ltr'><strong>bdiscribat</strong></span> <span class='ocrx_word' id='word_1_226' title='bbox 430 3368 489 3425; x_wconf 85' lang='lat' dir='ltr'><strong>BV</strong></span> <span class='ocrx_word' id='word_1_227' title='bbox 574 3367 695 3424; x_wconf 60' lang='lat' dir='ltr'><strong>mbas</strong></span> <span class='ocrx_word' id='word_1_228' title='bbox 712 3369 876 3436; x_wconf 75' lang='lat' dir='ltr'><strong>BLPVtm,</strong></span> <span class='ocrx_word' id='word_1_229' title='bbox 904 3369 1010 3424; x_wconf 73' lang='lat' dir='ltr'><strong>casibus</strong></span> <span class='ocrx_word' id='word_1_230' title='bbox 1027 3370 1112 3426; x_wconf 78' lang='grc' dir='ltr'><strong>ΛΒΤ</strong></span> <span class='ocrx_word' id='word_1_231' title='bbox 1195 3372 1267 3426; x_wconf 73' lang='lat' dir='ltr'><strong>nomn</strong></span> <span class='ocrx_word' id='word_1_232' title='bbox 1283 3375 1311 3426; x_wconf 88' lang='lat' dir='ltr'><strong><em>A</em></strong></span> 
     </span>
     <span class='ocr_line' id='line_1_30' title="bbox 253 3449 1312 3524; baseline 0.003 -14"><span class='ocrx_word' id='word_1_233' title='bbox 253 3455 392 3524; x_wconf 72' lang='lat' dir='ltr'><strong>impiatis</strong></span> <span class='ocrx_word' id='word_1_234' title='bbox 409 3453 471 3521; x_wconf 81' lang='lat' dir='ltr'><strong>PT,</strong></span> <span class='ocrx_word' id='word_1_235' title='bbox 499 3449 624 3524; x_wconf 82' lang='lat' dir='ltr'><strong>coepistis</strong></span> <span class='ocrx_word' id='word_1_236' title='bbox 641 3453 785 3510; x_wconf 64' lang='lat' dir='ltr'><strong>Ababa</strong></span> <span class='ocrx_word' id='word_1_237' title='bbox 883 3455 1023 3511; x_wconf 82' lang='lat' dir='ltr'><strong>desideriis</strong></span> <span class='ocrx_word' id='word_1_238' title='bbox 1045 3455 1160 3512; x_wconf 60' lang='lat' dir='ltr'><strong>iudam</strong></span> <span class='ocrx_word' id='word_1_239' title='bbox 1184 3457 1312 3513; x_wconf 68' lang='lat' dir='ltr'><strong>soene</strong></span> 
     </span>
    </p>
   </div>
   <div class='ocr_carea' id='block_1_5' title="bbox 236 3545 1376 4318">
    <p class='ocr_par' dir='ltr' id='par_1_5' title="bbox 236 3545 1312 3648">
     <span class='ocr_line' id='line_1_31' title="bbox 236 3545 1312 3648; baseline -0.003 -13"><span class='ocrx_word' id='word_1_240' title='bbox 236 3545 346 3648; x_wconf 55' lang='lat' dir='ltr'><strong>‚Caspia</strong></span> <span class='ocrx_word' id='word_1_241' title='bbox 362 3575 391 3634; x_wconf 84' lang='lat'><strong>13</strong></span> <span class='ocrx_word' id='word_1_242' title='bbox 493 3577 510 3632; x_wconf 90' lang='lat'>8</span> <span class='ocrx_word' id='word_1_243' title='bbox 532 3573 714 3634; x_wconf 63' lang='lat' dir='ltr'><strong>militauerant</strong></span> <span class='ocrx_word' id='word_1_244' title='bbox 731 3568 777 3644; x_wconf 71' lang='lat' dir='ltr'><strong>L,</strong></span> <span class='ocrx_word' id='word_1_245' title='bbox 800 3575 953 3632; x_wconf 84' lang='lat' dir='ltr'><strong>multarunt</strong></span> <span class='ocrx_word' id='word_1_246' title='bbox 970 3575 999 3632; x_wconf 85' lang='grc' dir='ltr'><strong><em>Β</em></strong></span> <span class='ocrx_word' id='word_1_247' title='bbox 1101 3577 1208 3647; x_wconf 83' lang='lat' dir='ltr'><strong>quotics</strong></span> <span class='ocrx_word' id='word_1_248' title='bbox 1225 3579 1312 3635; x_wconf 56' lang='grc' dir='ltr'><strong>ΑΒΜ</strong></span> 
     </span>
    </p>

    <p class='ocr_par' dir='ltr' id='par_1_6' title="bbox 251 3655 1376 3992">
     <span class='ocr_line' id='line_1_32' title="bbox 252 3655 1375 3734; baseline -0.004 -16"><span class='ocrx_word' id='word_1_249' title='bbox 252 3662 269 3718; x_wconf 82' lang='grc'>9</span> <span class='ocrx_word' id='word_1_250' title='bbox 287 3661 394 3733; x_wconf 84' lang='lat' dir='ltr'><strong>quoties</strong></span> <span class='ocrx_word' id='word_1_251' title='bbox 411 3663 447 3729; x_wconf 78' lang='lat' dir='ltr'><strong>A,</strong></span> <span class='ocrx_word' id='word_1_252' title='bbox 464 3663 547 3718; x_wconf 84' lang='lat' dir='ltr'><strong>toties</strong></span> <span class='ocrx_word' id='word_1_253' title='bbox 564 3659 624 3718; x_wconf 73' lang='lat' dir='ltr'><strong>Bra</strong></span> <span class='ocrx_word' id='word_1_254' title='bbox 711 3655 843 3732; x_wconf 88' lang='lat' dir='ltr'><strong>quidquid</strong></span> <span class='ocrx_word' id='word_1_255' title='bbox 861 3659 888 3716; x_wconf 92' lang='grc' dir='ltr'><strong><em>Β</em></strong></span> <span class='ocrx_word' id='word_1_256' title='bbox 983 3662 1017 3719; x_wconf 80' lang='lat'><strong>13</strong></span> <span class='ocrx_word' id='word_1_257' title='bbox 1034 3663 1112 3734; x_wconf 79' lang='lat' dir='ltr'><strong>pupis</strong></span> <span class='ocrx_word' id='word_1_258' title='bbox 1133 3661 1158 3719; x_wconf 83' lang='grc' dir='ltr'><em>Τ</em></span> <span class='ocrx_word' id='word_1_259' title='bbox 1249 3665 1283 3720; x_wconf 79' lang='lat'><strong>14</strong></span> <span class='ocrx_word' id='word_1_260' title='bbox 1298 3662 1375 3718; x_wconf 81' lang='lat' dir='ltr'><strong>claun</strong></span> 
     </span>
     <span class='ocr_line' id='line_1_33' title="bbox 255 3742 1374 3820; baseline -0.004 -13"><span class='ocrx_word' id='word_1_261' title='bbox 255 3747 300 3814; x_wconf 62' lang='lat' dir='ltr'><strong>rt</strong></span> <span class='ocrx_word' id='word_1_262' title='bbox 326 3747 396 3804; x_wconf 86' lang='lat' dir='ltr'><strong>claui</strong></span> <span class='ocrx_word' id='word_1_263' title='bbox 413 3747 590 3818; x_wconf 79' lang='lat' dir='ltr'><strong>gubamaculi</strong></span> <span class='ocrx_word' id='word_1_264' title='bbox 606 3749 634 3802; x_wconf 93' lang='lat' dir='ltr'><strong><em>A</em></strong></span> <span class='ocrx_word' id='word_1_265' title='bbox 738 3747 801 3802; x_wconf 80' lang='lat' dir='ltr'><strong>doto</strong></span> <span class='ocrx_word' id='word_1_266' title='bbox 817 3742 991 3820; x_wconf 81' lang='lat' dir='ltr'><strong>praeparatur</strong></span> <span class='ocrx_word' id='word_1_267' title='bbox 1008 3763 1060 3804; x_wconf 78' lang='lat' dir='ltr'><strong>om.</strong></span> <span class='ocrx_word' id='word_1_268' title='bbox 1077 3748 1106 3806; x_wconf 85' lang='lat' dir='ltr'><strong><em>A</em></strong></span> <span class='ocrx_word' id='word_1_269' title='bbox 1210 3752 1244 3806; x_wconf 78' lang='lat'><strong>15</strong></span> <span class='ocrx_word' id='word_1_270' title='bbox 1266 3753 1308 3805; x_wconf 80' lang='lat' dir='ltr'><strong>ont</strong></span> <span class='ocrx_word' id='word_1_271' title='bbox 1327 3760 1374 3802; x_wconf 73' lang='lat' dir='ltr'><strong>on.</strong></span> 
     </span>
     <span class='ocr_line' id='line_1_34' title="bbox 252 3820 1376 3904; baseline 0.001 -14"><span class='ocrx_word' id='word_1_272' title='bbox 252 3831 339 3890; x_wconf 70' lang='lat' dir='ltr'><strong>Arta</strong></span> <span class='ocrx_word' id='word_1_273' title='bbox 442 3830 474 3890; x_wconf 76' lang='lat'><strong>17</strong></span> <span class='ocrx_word' id='word_1_274' title='bbox 492 3833 530 3890; x_wconf 86' lang='lat' dir='ltr'><strong>sit</strong></span> <span class='ocrx_word' id='word_1_275' title='bbox 547 3831 608 3890; x_wconf 77' lang='lat' dir='ltr'><strong>an</strong></span> <span class='ocrx_word' id='word_1_276' title='bbox 711 3833 746 3890; x_wconf 79' lang='lat'><strong>18</strong></span> <span class='ocrx_word' id='word_1_277' title='bbox 766 3820 885 3890; x_wconf 71' lang='lat' dir='ltr'><strong>ammon</strong></span> <span class='ocrx_word' id='word_1_278' title='bbox 901 3849 929 3887; x_wconf 79' lang='lat' dir='ltr'><strong>m</strong></span> <span class='ocrx_word' id='word_1_279' title='bbox 1033 3833 1066 3890; x_wconf 82' lang='lat'><strong>19</strong></span> <span class='ocrx_word' id='word_1_280' title='bbox 1083 3851 1164 3904; x_wconf 82' lang='lat' dir='ltr'><strong>quam</strong></span> <span class='ocrx_word' id='word_1_281' title='bbox 1182 3838 1211 3890; x_wconf 90' lang='lat' dir='ltr'><strong><em>A</em></strong></span> <span class='ocrx_word' id='word_1_282' title='bbox 1313 3833 1376 3891; x_wconf 81' lang='lat' dir='ltr'><strong>olm</strong></span> 
     </span>
     <span class='ocr_line' id='line_1_35' title="bbox 251 3915 1312 3992; baseline 0.006 -18"><span class='ocrx_word' id='word_1_283' title='bbox 251 3920 295 3974; x_wconf 82' lang='lat' dir='ltr'><strong>est</strong></span> <span class='ocrx_word' id='word_1_284' title='bbox 313 3915 339 3974; x_wconf 80' lang='grc'><strong>1·</strong></span> <span class='ocrx_word' id='word_1_285' title='bbox 422 3917 458 3972; x_wconf 88' lang='grc'><strong>20</strong></span> <span class='ocrx_word' id='word_1_286' title='bbox 474 3918 557 3991; x_wconf 75' lang='lat' dir='ltr'><strong>impia</strong></span> <span class='ocrx_word' id='word_1_287' title='bbox 574 3919 634 3978; x_wconf 78' lang='lat' dir='ltr'><strong>Rra</strong></span> <span class='ocrx_word' id='word_1_288' title='bbox 720 3921 905 3986; x_wconf 80' lang='lat' dir='ltr'><strong>commentitia</strong></span> <span class='ocrx_word' id='word_1_289' title='bbox 915 3918 1000 3978; x_wconf 73' lang='lat' dir='ltr'><strong>Alii*</strong></span> <span class='ocrx_word' id='word_1_290' title='bbox 1082 3922 1114 3977; x_wconf 91' lang='grc'><strong>21</strong></span> <span class='ocrx_word' id='word_1_291' title='bbox 1134 3921 1266 3992; x_wconf 89' lang='lat' dir='ltr'><strong>quidquid</strong></span> <span class='ocrx_word' id='word_1_292' title='bbox 1281 3923 1312 3980; x_wconf 92' lang='grc' dir='ltr'><strong><em>Β</em></strong></span> 
     </span>
    </p>

    <p class='ocr_par' dir='ltr' id='par_1_7' title="bbox 241 3997 1310 4164">
     <span class='ocr_line' id='line_1_36' title="bbox 252 3997 1310 4076; baseline 0 -14"><span class='ocrx_word' id='word_1_293' title='bbox 252 4022 280 4062; x_wconf 86' lang='lat' dir='ltr'><strong>so</strong></span> <span class='ocrx_word' id='word_1_294' title='bbox 303 4005 441 4076; x_wconf 58' lang='lat' dir='ltr'><strong>muamus]</strong></span> <span class='ocrx_word' id='word_1_295' title='bbox 465 4003 590 4064; x_wconf 85' lang='lat' dir='ltr'><strong>sitdum</strong></span> <span class='ocrx_word' id='word_1_296' title='bbox 612 3997 673 4075; x_wconf 61' lang='lat' dir='ltr'><strong>aa</strong></span> <span class='ocrx_word' id='word_1_297' title='bbox 775 4007 884 4064; x_wconf 82' lang='lat' dir='ltr'><strong>nouerit</strong></span> <span class='ocrx_word' id='word_1_298' title='bbox 906 4005 968 4063; x_wconf 73' lang='lat' dir='ltr'><strong>um</strong></span> <span class='ocrx_word' id='word_1_299' title='bbox 1070 4007 1105 4064; x_wconf 90' lang='grc'><strong>22</strong></span> <span class='ocrx_word' id='word_1_300' title='bbox 1130 4009 1218 4064; x_wconf 86' lang='lat' dir='ltr'><strong>totius</strong></span> <span class='ocrx_word' id='word_1_301' title='bbox 1244 4005 1310 4064; x_wconf 67' lang='lat' dir='ltr'><strong>BV*</strong></span> 
     </span>
     <span class='ocr_line' id='line_1_37' title="bbox 241 4085 1310 4164; baseline -0.002 -14"><span class='ocrx_word' id='word_1_302' title='bbox 241 4091 286 4150; x_wconf 74' lang='lat' dir='ltr'><strong>aa</strong></span> <span class='ocrx_word' id='word_1_303' title='bbox 310 4091 423 4148; x_wconf 87' lang='lat' dir='ltr'><strong>lectione</strong></span> <span class='ocrx_word' id='word_1_304' title='bbox 448 4085 529 4148; x_wconf 81' lang='lat' dir='ltr'><strong>Rm&#39;</strong></span> <span class='ocrx_word' id='word_1_305' title='bbox 617 4089 673 4162; x_wconf 86' lang='lat' dir='ltr'><strong>qui]</strong></span> <span class='ocrx_word' id='word_1_306' title='bbox 700 4089 770 4162; x_wconf 79' lang='lat' dir='ltr'><strong>quia</strong></span> <span class='ocrx_word' id='word_1_307' title='bbox 791 4091 915 4149; x_wconf 54' lang='lat' dir='ltr'><strong>aava</strong></span> <span class='ocrx_word' id='word_1_308' title='bbox 1015 4097 1195 4164; x_wconf 83' lang='lat' dir='ltr'><strong>congruenter</strong></span> <span class='ocrx_word' id='word_1_309' title='bbox 1222 4093 1310 4150; x_wconf 75' lang='lat' dir='ltr'><strong>Allan</strong></span> 
     </span>
    </p>

    <p class='ocr_par' dir='ltr' id='par_1_8' title="bbox 252 4173 1375 4318">
     <span class='ocr_line' id='line_1_38' title="bbox 252 4173 1375 4261; baseline 0 -29"><span class='ocrx_word' id='word_1_310' title='bbox 252 4177 286 4232; x_wconf 80' lang='lat'><strong>24</strong></span> <span class='ocrx_word' id='word_1_311' title='bbox 303 4177 396 4250; x_wconf 78' lang='lat' dir='ltr'><strong>grauis</strong></span> <span class='ocrx_word' id='word_1_312' title='bbox 416 4179 458 4233; x_wconf 78' lang='lat' dir='ltr'><strong>eet</strong></span> <span class='ocrx_word' id='word_1_313' title='bbox 476 4178 529 4247; x_wconf 82' lang='lat' dir='ltr'><strong>(uia</strong></span> <span class='ocrx_word' id='word_1_314' title='bbox 547 4179 588 4232; x_wconf 84' lang='lat' dir='ltr'><strong>ost</strong></span> <span class='ocrx_word' id='word_1_315' title='bbox 605 4177 637 4232; x_wconf 80' lang='lat' dir='ltr'><strong>in</strong></span> <span class='ocrx_word' id='word_1_316' title='bbox 652 4193 711 4261; x_wconf 66' lang='lat' dir='ltr'><strong>ros.</strong></span> <span class='ocrx_word' id='word_1_317' title='bbox 729 4183 811 4244; x_wconf 75' lang='lat' dir='ltr'><strong>corr.)</strong></span> <span class='ocrx_word' id='word_1_318' title='bbox 830 4176 868 4246; x_wconf 77' lang='lat' dir='ltr'><strong>T,</strong></span> <span class='ocrx_word' id='word_1_319' title='bbox 895 4179 988 4248; x_wconf 79' lang='lat' dir='ltr'><strong>grume</strong></span> <span class='ocrx_word' id='word_1_320' title='bbox 1005 4173 1033 4234; x_wconf 87' lang='grc' dir='ltr'><strong><em>Β</em></strong></span> <span class='ocrx_word' id='word_1_321' title='bbox 1136 4177 1257 4236; x_wconf 82' lang='lat' dir='ltr'><strong>fidelium</strong></span> <span class='ocrx_word' id='word_1_322' title='bbox 1274 4179 1318 4234; x_wconf 85' lang='lat' dir='ltr'><strong>uel</strong></span> <span class='ocrx_word' id='word_1_323' title='bbox 1336 4176 1375 4232; x_wconf 88' lang='lat' dir='ltr'><strong>in·</strong></span> 
     </span>
     <span class='ocr_line' id='line_1_39' title="bbox 252 4258 834 4318; baseline -0.003 0"><span class='ocrx_word' id='word_1_324' title='bbox 252 4259 371 4318; x_wconf 82' lang='lat' dir='ltr'><strong>fidelium</strong></span> <span class='ocrx_word' id='word_1_325' title='bbox 389 4263 417 4316; x_wconf 93' lang='lat' dir='ltr'><strong><em>A</em></strong></span> <span class='ocrx_word' id='word_1_326' title='bbox 829 4258 834 4265; x_wconf 59' lang='lat'><strong>⁴</strong></span> 
     </span>
    </p>
   </div>
   <div class='ocr_carea' id='block_1_6' title="bbox 0 0 1472 4934">
    <p class='ocr_par' dir='ltr' id='par_1_9' title="bbox 0 0 1472 4934">
     <span class='ocr_line' id='line_1_40' title="bbox 0 0 1472 4934; baseline 0 1"><span class='ocrx_word' id='word_1_327' title='bbox 0 0 1472 4934; x_wconf 95' lang='lat' dir='ltr'><strong> </strong></span> 
     </span>
    </p>
   </div>
  </div>
 </body>
</html>
