2934 4934
428 1153 896 1268 ‚uluuiouus

656 1446 683 1512 Ι.

149 1650 293 1719 urendo
325 1650 372 1717 iu
389 1615 565 1719 'usundi
599 1650 814 1719 usvundun
848 1648 1189 1719 conscendendum

572 1772 773 1841 EPISCOPI.

148 1958 314 2043 Quousque
335 1979 385 2026 me
407 1960 489 2025 iners
512 1958 686 2026 diffidentie
707 1960 791 2026 intre
813 1960 981 2041 angustum
1001 1959 1121 2042 petitur
1136 1979 1230 2043 pene·

86 2062 187 2127 etrele
221 2062 424 2128 delitescere?
467 2080 623 2146 quousque
656 2062 755 2127 nimie
790 2063 892 2129 centio
925 2061 1076 2127 terminos
1108 2062 1231 2129 honesti

105 2164 230 2230 timoris
260 2184 443 2248 exsuperans
474 2164 635 2249 dispendia
665 2166 824 2249 opinionis,
848 2182 926 2250 quse
954 2164 1047 2245 uitet,
1070 2166 1231 2232 incurret?

105 2285 163 2333 usn
187 2268 270 2334 enim
285 2286 389 2335 rerum
404 2268 492 2334 uenit
506 2269 588 2334 inter
604 2269 755 2349 homines,
777 2270 824 2348 nt,
843 2272 994 2351 qnantum
1008 2268 1111 2335 minue
1126 2271 1231 2336 decer-

106 2372 193 2453 pitur
214 2388 270 2455 per
292 2372 463 2450 audaciam,
482 2370 672 2456 superfluum
688 2390 750 2437 non
766 2373 870 2438 minus
884 2374 991 2456 penest
1005 2391 1060 2456 per
1074 2371 1230 2439 timorem.

107 2494 166 2542 non
191 2476 275 2542 enim
297 2478 389 2544 debet
413 2479 512 2543 notari
529 2476 618 2543 uelut
633 2494 743 2543 uncrue
757 2479 857 2545 leudis
878 2479 1069 2563 edsnmptor,
1092 2496 1155 2543 non
1177 2473 1232 2542 ed-

75 2578 204 2645 rescribi
232 2579 343 2664 cupido
374 2578 538 2645 affectatae
569 2580 742 2646 deuotionis
765 2581 921 2658 ostentui,
953 2581 1035 2664 epnd
1063 2598 1156 2663 quem
1182 2598 1232 2644 res

106 2682 237 2746 obnoxie
250 2682 382 2767 pudor<i
399 2680 533 2767 emor>is
549 2682 684 2747 stimulis
701 2684 811 2749 educte
827 2684 1000 2765 conpletur,
1016 2682 1089 2764 qnia
1103 2681 1183 2747 dent
1198 2682 1232 2746 in

106 2784 253 2851 umbram
268 2786 351 2869 cogit
365 2784 482 2871 gloriae
497 2787 666 2877 appetitus,
683 2788 820 2852 cretione
833 2789 907 2853 dum
923 2788 1093 2869 quaeritur,
1108 2788 1155 2851 ite
1169 2800 1231 2849 non

106 2886 234 2955 reddere
249 2888 331 2971 qnod
347 2888 454 2954 deberi
470 2891 592 2955 noueris
613 2890 843 2975 proximitatem
860 2890 961 2956 noctis
976 2889 1095 2956 indicit.
1123 2906 1232 2973 super·

106 2992 170 3056 dns
190 2993 326 3057 scribere
347 3008 396 3057 res
411 2992 580 3060 iectuntioe
604 2997 666 3059 est:
690 2993 863 3061 necessarie
883 2993 1012 3058 reticere
1028 2996 1231 3074 contemptus.

77 3112 197 3180 resuepe
218 3094 456 3178 uituperationis
485 3100 608 3163 nostroe
631 3100 732 3162 meter
759 3099 806 3163 est
828 3097 962 3163 doctoris
984 3096 1141 3162 occultate
1162 3096 1232 3161 lun·

108 3198 204 3262 detio.
218 3198 304 3263 dicut
320 3196 451 3264 forsitan
467 3200 579 3281 uliquis
594 3200 698 3265 enimc
714 3200 903 3284 consulendi,
919 3200 1000 3283 quod
1011 3201 1113 3282 operis
1124 3218 1233 3283 pressu

108 3300 326 3385 magnitudine
340 3301 482 3370 exhausti
497 3303 611 3370 mecies
627 3304 751 3370 ueccut
764 3304 881 3387 ingenii
896 3305 928 3368 et
942 3303 1095 3369 destitute
1109 3302 1233 3369 dicendi
1260 3366 1263 3373 .

108 3404 284 3470 ualitudine
312 3404 481 3487 gurmlites
510 3404 664 3472 deiectum
693 3408 848 3473 mercetur
870 3425 906 3472 ex
927 3406 1029 3489 copis:
1057 3423 1112 3472 ceu
1140 3405 1169 3471 ei
1199 3406 1233 3469 in

158 3694 183 3749 1.
211 3694 302 3749 Dictic
320 3696 428 3751 ennodii
447 3696 535 3765 (encdr
553 3684 579 3755 d
597 3698 632 3764 L,
656 3696 752 3752 ennodi
771 3698 803 3753 de
822 3698 859 3768 V)
876 3698 906 3752 in
922 3698 1010 3753 netuli
1027 3698 1145 3752 laurenti
1163 3698 1232 3766 (len-

107 3798 189 3855 renui
209 3798 244 3866 Τ)
267 3797 471 3854 mediolanensis
495 3801 650 3868 (mediolani
667 3800 708 3865 Ia,
738 3788 869 3859 mediolan
887 3802 927 3869 Β)
950 3790 993 3873 epi
1014 3803 1098 3859 im
1116 3799 1236 3868 sum

108 3900 182 3941 sacru
205 3884 291 3955 prime
313 3902 347 3941 ec
370 3901 420 3941 cco
443 3884 508 3941 odd.
533 3886 614 3942 Siren.
725 3887 916 3943 desuescere
939 3889 968 3944 Β
1075 3889 1092 3942 6
1114 3887 1235 3957 timoris}

108 3970 250 4037 pudorist
352 3972 441 4027 euitat
465 3972 511 4027 Pb
613 3973 630 4029 8
653 3973 793 4028 eudetiem
815 3974 902 4031 m
999 3975 1017 4028 9
1040 3975 1065 4029 ei
1082 3973 1182 4030 ascribi
1205 3969 1235 4027 I»

110 4054 182 4111 ΤΠ
301 4056 335 4113 10
363 4059 488 4113 effectute
517 4058 545 4111 B
669 4060 697 4114 11
728 4060 824 4128 pudori
851 4061 949 4115 cruoris
973 4062 1087 4131 scripsi,
1122 4058 1235 4133 pudoris

106 4138 170 4196 rue
271 4142 304 4197 14
320 4158 361 4198 ree
379 4158 429 4198 ceu.
445 4144 476 4200 Β
493 4144 584 4213 spatio
600 4158 690 4199 cucco
706 4146 757 4199 rei.
862 4144 895 4201 15
912 4143 1040 4200 occultati
1058 4144 1166 4200 LPTV
1220 4161 1228 4171 ¹

108 4226 140 4280 16
157 4228 285 4283 semime
302 4228 350 4283 Po
436 4244 542 4297 preesse
559 4226 644 4285 BLV
738 4230 769 4284 Π
788 4232 892 4285 exsucti
909 4230 937 4285 Β
1018 4230 1120 4290 nime
1135 4230 1165 4287 Β

109 4313 141 4366 18
158 4314 236 4382 cupis
252 4314 280 4369 Β
