2934 4934
562 400 680 455 Diotio
704 399 769 457 m
1169 401 1234 471 463

95 595 135 660 de
159 594 329 661 sterilitate
351 592 549 677 ingeniorum
571 591 678 676 glebas
701 590 826 658 effioitis
847 594 880 657 et
893 590 1043 675 grauidas
1064 591 1176 655 aristas
1194 589 1234 656 ad

94 698 247 765 seleutias
262 698 382 777 homes,
405 715 445 762 ne
460 694 558 761 sames
581 694 732 763 infantiae
759 695 857 778 possit
877 695 1064 779 praeualere,
1087 691 1231 777 portatis.

95 805 234 868 mundae
257 802 392 867 nitorem
414 798 554 865 famniae
576 798 729 865 amando
752 798 919 865 obsoeuam
940 794 1118 881 prosapiem
1143 814 1233 880 pere·

95 907 189 989 grino
211 905 283 971 luoe
305 901 506 987 perfunditis.
530 903 587 969 deo
608 902 752 985 proxima
763 920 815 966 res
835 906 883 968 est
896 902 1002 968 uestro
1017 899 1125 966 infusa
1139 901 1234 965 bene·

72 1009 178 1088 elisio,
200 1011 276 1075 dum
291 1026 348 1090 per
363 1024 472 1073 sursus
485 1005 733 1072 elucubrationis
747 1006 895 1089 traditum,
917 1024 956 1071 ue
970 1004 1084 1089 optimi
1098 1004 1233 1087 degene-

93 1115 167 1179 rent
177 1114 211 1177 et
220 1114 259 1178 nt
269 1112 346 1177 mali
362 1110 561 1196 degenerent,
574 1110 664 1175 salua
676 1111 884 1175 stemmatum
896 1112 1033 1176 ueritate
1044 1108 1232 1192 praestatur.

93 1234 151 1300 per
172 1234 230 1283 uos
252 1218 290 1281 de
312 1214 515 1279 innooentum
538 1213 670 1289 notibus,
694 1232 774 1295 quae
790 1215 830 1278 ad
848 1211 1233 1294 instrnotionsm-sequeu-

92 1321 178 1385 tium
193 1318 404 1401 pertinebant,
425 1318 515 1401 gesta
530 1335 593 1383 nou
607 1322 755 1399 pereunt:
777 1317 893 1382 uestris
907 1318 942 1383 iu
956 1316 1097 1382 medium
1112 1314 1233 1379 eatenis

94 1423 262 1489 transnots
281 1421 474 1489 redueuntnr
497 1424 530 1485 et
553 1422 678 1504 sepulte
698 1421 914 1487 reuiuisount:
944 1438 1000 1486 uos
1022 1418 1234 1485 instrumente

58 1550 84 1590 ιο
93 1526 275 1609 memoriae,
293 1545 350 1593 uos
367 1544 461 1592 same
471 1525 617 1607 pietatis:
632 1526 749 1592 uestris
759 1524 941 1590 uomeribus
952 1522 1083 1589 humaui
1097 1520 1233 1605 pesteris

95 1630 193 1695 tellus
217 1631 257 1695 ad
279 1629 510 1695 ieeuuditatem
535 1630 722 1713 praeparata
752 1628 958 1695 desoribitur:
986 1644 1044 1693 uos
1073 1623 1234 1709 religionis

94 1738 256 1813 anetores,
278 1752 335 1800 uos
358 1733 464 1799 hostes
487 1731 672 1799 eriminum:
695 1732 786 1798 uobis
809 1731 942 1798 duribus
964 1749 1043 1814 quae
1065 1748 1120 1812 per
1141 1746 1233 1793 usum

93 1835 278 1920 subripiunt
301 1836 505 1902 dedissuntur
526 1835 659 1915 seelera,
688 1854 745 1919 per
770 1854 848 1918 quas
869 1834 954 1900 bona
974 1833 1155 1901 disouutur:
1179 1836 1235 1898 aut

94 1938 136 2004 ad
161 1938 317 2005 direetum
339 1940 481 2005 homiues
504 1938 600 2024 agitis
622 1939 818 2023 proposit-um
839 1940 896 2003 aut
911 1939 1044 2003 mutatis
1060 1938 1234 2022 obliquum.

59 2066 84 2108 1⁵
92 2042 203 2107 uestro
226 2044 332 2107 exules
355 2043 509 2109 ornantur
531 2042 648 2108 iudieio
664 2043 696 2108 et
711 2041 858 2108 emundi
873 2042 1064 2107 oulmiuibus
1079 2042 1235 2107 seiunctos

93 2162 153 2209 uos
176 2144 263 2211 eaelo
284 2146 425 2211 seriatis:
450 2144 552 2211 meles
576 2144 783 2211 oonseientias
807 2149 863 2211 aut
884 2146 1004 2211 intrare
1031 2146 1234 2211 oontemuitis

92 2251 152 2313 aut
180 2248 213 2311 in
236 2250 408 2314 onerarium
436 2248 600 2333 ingressas
622 2248 787 2315 dedicatis.
832 2247 965 2315 facessat
996 2248 1157 2315 alitteris
1182 2250 1235 2315 uel

92 2353 224 2416 mutare
245 2352 327 2433 quod
348 2352 480 2434 dignum
504 2352 551 2417 est
567 2350 617 2417 uel
633 2370 694 2417 nou
709 2353 833 2417 mutare
854 2352 937 2435 quod
952 2351 1097 2417 noxium:
1120 2354 1235 2418 uestris

93 2454 284 2521 uulneribus
313 2455 404 2521 nulla
430 2475 486 2538 per
516 2455 680 2539 chalybem
710 2455 842 2521 uestitos
870 2455 1021 2521 subduoit
1049 2456 1234 2521 iustruotio:

57 2560 136 2625 soed
154 2558 329 2641 penetralis
345 2576 463 2637 eorum,
486 2562 518 2625 et
533 2577 610 2641 quos
626 2559 745 2624 ferrum
767 2560 890 2637 texerit,
914 2558 1101 2641 peruenitis:
1118 2559 1234 2625 uestris

93 2662 290 2727 umbonibus
312 2662 431 2728 direota
453 2662 492 2728 eb
515 2662 705 2728 aduersariis
720 2662 787 2727 tela
801 2662 1009 2745 repelluntur,
1032 2680 1089 2727 nso
1105 2663 1235 2745 spiselis

93 2765 232 2848 peritias
260 2769 385 2832 uestrae
407 2766 474 2831 ulla
497 2766 677 2849 clypeorum
702 2766 804 2830 oratos
826 2765 1003 2847 obponitur.
1041 2784 1101 2831 uos·
1127 2768 1159 2831 iu
1180 2765 1235 2830 ad-

92 2868 236 2933 fiietioue
251 2870 437 2934 eonstitutos
453 2869 592 2951 erigitis:
612 2886 669 2933 noe
683 2869 804 2952 positos
818 2868 852 2934 iu
867 2885 1030 2951 eorporum
1045 2886 1138 2934 oruoe
1151 2871 1235 2935 mul-

93 2971 194 3051 eetis,
223 2972 271 3037 sie
299 2974 419 3057 gaudiis
449 2973 618 3056 augmenta
647 2972 841 3053 tribuentes,
872 2974 908 3036 ut
937 2976 1066 3039 modom
1088 2974 1234 3038 hilaritas

56 3078 125 3143 eset
152 3074 304 3158 produota
332 3076 504 3142 custodiet:
537 3076 565 3141 si
587 3092 607 3141 e
628 3077 718 3143 uobis
744 3076 876 3141 ueniant
895 3075 1132 3156 blandimento,
1163 3075 1235 3141 dul-

92 3182 235 3243 eeseunt.
280 3196 342 3244 uon
371 3178 448 3244 lieet
477 3182 586 3244 oontre
614 3178 782 3261 imperium
812 3180 954 3244 uestmm
975 3180 1029 3244 uel
1050 3180 1235 3246 defunctum

92 3282 170 3347 flere
195 3300 290 3364 quem
314 3282 445 3367 diligas:
468 3300 524 3348 uos
548 3284 678 3367 nuptiis
703 3300 758 3349 uos
775 3287 867 3367 eptae
882 3282 1061 3348 funeribus:
1085 3283 1236 3349 scientiae

92 3385 191 3451 istius
215 3388 356 3451 studium
379 3386 596 3452 diuersissima
618 3388 652 3451 iu
683 3386 882 3453 concordiam
904 3389 992 3453 tenet
1016 3392 1047 3452 et
1069 3391 1235 3469 utramque

148 3571 267 3625 2famis
286 3572 324 3627 B¹
416 3572 620 3641 dperfnndetis
638 3574 666 3627 Β
758 3573 1004 3628 beloeubratiouis
1021 3572 1059 3627 ΒΙ
1146 3574 1236 3627 lists

91 3663 201 3715 matum
213 3658 277 3725 LV,
300 3662 507 3729 stegmatum·l'
602 3660 843 3716 eremuesomon
942 3662 976 3715 10
990 3661 1165 3727 eauaaefort.

92 3748 124 3799 11
152 3744 398 3801 feeonditatemT
500 3744 658 3803 discribitur
681 3745 886 3825 B¹‚¹seribitur
906 3746 975 3815 sort.
1080 3749 1114 3805 12
1130 3750 1235 3803 setores

94 3832 122 3885 T
219 3828 305 3886 hostis
322 3831 391 3886 ΒΕ*
487 3834 520 3887 13
538 3832 685 3901 subrepunt
703 3839 827 3902 sepem
921 3850 969 3903 per
981 3835 1058 3904 quas]
1076 3849 1175 3904 perque
1187 3851 1236 3889 uos

87 3920 160 3987 fort.
249 3920 461 3995 aetimundi
548 3921 582 3973 14
598 3919 716 3974 hominis
734 3922 799 3987 fort.
888 3921 973 3991 agitis
991 3922 1099 3990 scripsi,
1128 3921 1235 3992 augetis

89 4004 162 4060 labri
238 4008 381 4059 ·mutates
399 4004 438 4059 Β1
538 4006 571 4059 15
589 4005 726 4059 seiunotus
746 4004 775 4059 B
873 4008 1235 4074 rememorationem·

89 4078 238 4158 tempnitis
257 4090 373 4145 ΜΨ·
436 4092 468 4169 19
487 4091 607 4161 calybem
626 4091 662 4155 B,
679 4090 804 4145 oolibam
823 4092 914 4146 ΜΨ
1003 4086 1121 4149 uestitus
1140 4095 1168 4148 B

90 4178 128 4232 20
149 4174 258 4230 iliorum
276 4176 359 4230 LTV
453 4176 487 4231 21
505 4174 657 4231 nnbonibue
674 4168 748 4231 ΒιἸι
812 4179 867 4232 tele
885 4178 946 4232 L'
1007 4180 1041 4234 22
1059 4168 1166 4234 uestrae
1183 4196 1233 4237 orn.

94 4262 122 4316 T
216 4261 361 4330 clipeorum
373 4260 471 4329 ΜΨ,
490 4248 652 4331 olippeorum
666 4262 701 4317 Τ·
793 4262 928 4319 eratisB¹
1018 4264 1238 4320 ddoonstitutns

90 4348 134 4403 Β1
234 4348 345 4417 erigetis
364 4348 392 4401 B
486 4348 520 4401 di
538 4352 602 4417 apte
619 4348 646 4403 Β
742 4348 777 4403 28
793 4348 978 4404 disertissima
999 4350 1035 4406 Ρ
1232 4360 1236 4366 ’
