2934 4934
262 421 326 486 318
554 430 559 438 ’
619 415 736 486 Magni
753 413 880 470 Felicis
897 413 1028 469 Ennodi

262 607 367 687 uobis,
399 609 434 672 ut
457 603 569 691 uideo,
599 603 724 670 claritas
749 604 848 670 mouit
869 603 1039 688 inuidiam,
1071 618 1165 688 qnam
1188 602 1385 670 simulatam

263 708 354 777 malis
375 709 557 795 possessoris
589 707 807 794 indignatione
834 705 1030 784 transfertis,
1060 708 1135 774 dnm
1161 707 1321 773 desudatis
1340 707 1384 772 in·

262 812 393 898 pendiis.
432 831 551 890 arcem,
585 828 647 895 qua
677 809 782 876 inistis
817 811 987 896 conspicui,
1022 809 1140 877 crebris
1165 810 1385 878 labefactatam

261 916 385 995 ictibus,
419 915 479 981 nisi
506 913 699 994 obsisterem,
723 913 925 997 proposuistis
957 911 1106 995 subruere
1133 914 1271 981 etcaclo
1293 913 1384 979 stabi·

261 1017 352 1086 litam
382 1017 578 1096 machinam,
613 1019 732 1101 quanto
760 1016 812 1100 sit,
846 1017 1006 1084 ostendere
1038 1035 1094 1101 per
1121 1019 1255 1084 ruinam.
1295 1015 1411 1083 uolitos

262 1121 499 1208 praestolando
519 1121 604 1187 clade
626 1123 737 1186 uestra
756 1119 937 1186 uictoriam:
960 1122 1060 1188 nolite
1081 1121 1278 1205 triumphum
1301 1139 1383 1205 supe·

260 1227 358 1292 raudo
392 1224 520 1308 perdere
548 1223 627 1289 meis
649 1221 810 1288 laboribus
843 1241 912 1289 meo
948 1222 1059 1288 sudoro
1087 1223 1271 1306 quaesitum.
1306 1224 1384 1307 quic·

262 1330 336 1413 quid
353 1331 392 1394 ad
408 1330 570 1412 tropaeum
586 1328 681 1408 ducit,
703 1327 840 1393 obtinui:
864 1327 1011 1410 quicquid
1026 1343 1081 1392 uos
1096 1325 1244 1392 inlustres
1262 1327 1383 1402 iaceret,

261 1430 389 1497 insede
413 1431 562 1514 congessi.
601 1429 691 1495 nobis
718 1429 831 1496 tribuit
861 1430 1035 1496 cleritatem
1063 1429 1114 1495 fax
1142 1431 1202 1495 ista
1225 1448 1320 1513 quam
1339 1432 1385 1496 ui·

261 1535 370 1620 periuo
392 1534 512 1620 liquore
534 1533 653 1617 putatis
676 1533 826 1618 extingui.
860 1533 892 1598 in
915 1530 1085 1616 perniciem
1107 1533 1264 1617 propriam
1288 1549 1411 1600 accen-o

263 1638 349 1706 ditur
376 1638 429 1724 qui
452 1639 496 1702 sic
518 1637 617 1702 saeuit
645 1636 677 1701 in
706 1636 825 1722 gratiae
847 1653 922 1702 suae
945 1638 1101 1720 germina,
1125 1638 1161 1703 ut
1183 1635 1313 1719 plantas
1334 1634 1384 1703 ab·

264 1741 378 1808 scidst:
413 1739 541 1807 liberior
571 1741 653 1805 iusto
674 1738 838 1806 iracundia
857 1738 929 1821 plus
951 1757 1047 1823 quam
1070 1739 1148 1806 alios
1169 1739 1297 1805 lacessit
1319 1757 1385 1805 auo-

262 1843 393 1911 torem‘'.

305 1963 502 2052 “Symmachi
537 1984 612 2049 quos
645 1963 767 2030 uocatis
800 1983 956 2044 excessus,
994 1965 1022 2030 si
1054 1967 1141 2047 sunt,
1175 1961 1232 2050 illa
1265 1982 1335 2059 qua·
1359 1967 1386 2028 et

263 2088 318 2135 uos
353 2069 564 2152 expectatione
596 2067 751 2133 sustineo:
791 2069 876 2133 nefas
910 2069 957 2133 est
989 2072 1171 2152 peccantem
1204 2068 1411 2153 patientiams

262 2171 375 2239 iudicis
397 2190 457 2238 non
480 2189 593 2237 amare.
628 2172 701 2256 quid
725 2173 786 2237 nisi
808 2171 960 2239 ultionem
981 2170 1119 2256 flagitat,
1147 2171 1201 2256 qui
1224 2174 1298 2239 dum
1323 2188 1387 2237 reus

262 2278 294 2341 et
315 2277 382 2361 ipse
404 2275 457 2355 sit,
479 2275 638 2340 uindictae
660 2275 692 2338 in
717 2274 817 2340 altero
833 2293 936 2340 morae
959 2277 1106 2342 accusat?
1128 2275 1203 2340 haec
1227 2274 1294 2342 illis
1310 2293 1387 2340 ame

262 2396 321 2443 uox
350 2375 478 2444 debetur
507 2377 633 2460 studiis,
668 2378 742 2462 quia
772 2378 863 2444 deum
893 2377 1006 2444 dixisse
1034 2381 1140 2459 teneo,
1169 2397 1307 2464 pronum
1328 2397 1387 2445 esse

262 2480 418 2548 hominem
440 2481 471 2546 in
496 2481 620 2547 malitia
642 2481 674 2545 et
695 2500 818 2548 omnem
842 2500 963 2546 carnem
994 2481 1127 2547 amicam
1156 2501 1223 2548 esse
1246 2484 1386 2566 peccatis.

262 2587 333 2652 nolo
362 2587 521 2653 occasione
549 2588 696 2672 personae
723 2586 895 2653 innumeris
924 2589 1034 2654 datura
1063 2587 1252 2674 dignitatem
1281 2587 1339 2654 fiat
1358 2587 1413 2652 ins

263 2689 435 2756 abiectione
449 2689 609 2772 possessio,
634 2710 681 2770 ne,
698 2692 774 2757 dum
791 2689 883 2756 homo
901 2689 1078 2772 incessitur,
1103 2691 1152 2756 lex
1174 2689 1284 2757 diuina
1305 2692 1387 2756 irau-

262 2793 366 2873 gatur.
389 2789 467 2858 mihi
485 2794 609 2874 credite,
627 2794 652 2859 si
669 2794 741 2858 sunt
756 2791 819 2858 ista
833 2812 912 2878 quae
928 2791 1042 2872 dicitis,
1060 2792 1199 2878 respicio,
1224 2793 1297 2877 quia
1314 2795 1387 2858 etin

262 2897 335 2976 illis,
360 2897 526 2985 dequibus
548 2897 627 2963 nihil
649 2895 713 2963 tale
729 2897 902 2976 dicebatur,
925 2895 1001 2981 quid
1021 2894 1132 2962 inisset
1152 2895 1283 2980 inspexi
1309 2903 1386 2962 errat

263 3000 316 3082 qui
338 2999 408 3068 falli
431 3001 486 3066 deo
508 3001 683 3084 proximum
706 3000 820 3068 credit:
851 2999 947 3066 mihi
975 2999 1211 3080 uindictam,
1242 3020 1314 3087 ego
1336 3019 1387 3065 re-

366 3240 397 3292 18
415 3239 447 3292 ci.
466 3235 532 3294 Gen.
552 3239 576 3305 6,
589 3239 613 3294 5.
631 3239 658 3307 8,
677 3239 708 3294 21
804 3238 931 3295 assem.
951 3238 1052 3306 1219.
1087 3237 1284 3305 Hebr.10,ffl

312 3461 417 3515 dmsli
440 3462 498 3516 Am
518 3468 542 3516 et
561 3461 642 3518 Siren.
709 3470 712 3478 ’
757 3461 919 3518 transfertur
946 3463 972 3516 Τ
1078 3453 1386 3529 4’1ιοι11)ιιιι(οοναι.ι

262 3549 289 3602 Β
375 3546 486 3603 obruere
505 3547 552 3602 Bb
608 3549 833 3618 'dpraestulari
851 3545 906 3602 Β
966 3545 1135 3617 triumphum
1153 3549 1214 3613 (cit.
1228 3565 1275 3606 um
1283 3549 1387 3617 partic

259 3636 291 3689 tc
309 3636 374 3702 ναι.)
393 3631 421 3687 Β
525 3633 688 3704 'iquidquid
706 3635 746 3689 bis
764 3635 791 3690 Β
894 3633 1080 3704 8tropbeum
1104 3631 1309 3704 ABLPRTV,
1339 3635 1387 3691 tri·

261 3717 390 3789 umphum
408 3735 434 3772 m
522 3719 590 3774 dicit
606 3720 726 3774 obtinuit
744 3721 770 3773 A
861 3721 880 3774 9
898 3721 1035 3790 congnosci
1054 3719 1114 3786 ΒΤ,
1141 3722 1279 3790 congessit
1294 3722 1322 3775 A

259 3821 311 3877 pax
328 3803 356 3860 R
452 3803 486 3859 10
503 3805 661 3861 adcenditur
678 3806 706 3861 Β
804 3806 833 3862 11
853 3806 882 3860 in
899 3805 1022 3870 ABRm,
1049 3809 1081 3860 nt
1099 3807 1208 3862 LPTV
1211 3809 1228 3864 b
1315 3807 1389 3862 uta

261 3891 571 3959 Rm,aus13cPTVc
624 3893 895 3948 ‘12iracumdisd
982 3893 1141 3948 lascessitrl
1227 3897 1346 3950 actorem
1358 3894 1386 3958 Τ,

164 3994 170 4002 ·
261 3975 406 4032 aucrcmB
501 3977 534 4032 14
546 3975 687 4033 simmachi
700 3977 731 4044 Τ,
757 3975 909 4032 εἰιιιιιοιιίιι
1003 3978 1108 4035 nocetis
1121 3982 1154 4048 (is
1165 3979 1199 4033 ia
1211 3983 1280 4048 roe.)
1298 3980 1326 4034 Τ

260 4074 378 4118 arcessor
397 4061 425 4118 Β
526 4079 579 4134 quc
596 4079 647 4122 om.
666 4064 722 4121 ΑΒ
825 4063 859 4119 15
881 4063 1042 4133 pacientiam
1065 4063 1124 4122 RV
1225 4066 1258 4121 16
1279 4081 1341 4120 rcus
1359 4081 1389 4118 er

260 4151 326 4204 retis
347 4147 375 4204 V
389 4155 458 4204 ccl
561 4151 594 4205 ii
622 4165 709 4206 moras
735 4152 789 4207 R·
866 4151 900 4205 19
927 4151 1043 4220 peccatis
1070 4151 1163 4220 (ccctis
1185 4153 1217 4205 in
1237 4167 1291 4208 rae.
1308 4155 1388 4218 corr.)

264 4237 289 4290 Τ
379 4235 410 4289 21
432 4236 540 4292 necdum
560 4239 587 4292 Β
677 4237 867 4292 iucecscturB
957 4237 1109 4296 2³deom.
1129 4237 1271 4294 ALRTV
1351 4237 1388 4292 nil

261 4355 347 4410 ARm
453 4358 499 4425 qui
516 4358 543 4410 A
646 4331 737 4428 in⁸pexi
756 4359 783 4414 L
885 4347 1012 4412 dlicllit
1029 4357 1057 4415 R
1161 4359 1189 4412 ct
1206 4373 1256 4428 ego
1272 4355 1320 4413 Pb
