2934 4934
226 360 290 427 184
582 355 698 424 Magni
716 352 993 419 llelicisllnnodi

225 550 316 633 sciro,
340 548 433 632 quia,
456 549 598 631 quamuis
619 567 639 613 c
659 566 711 614 me
731 564 903 629 numquam
925 546 971 616 sis
993 546 1077 627 uisa,
1106 543 1299 629 cognosceris
1322 549 1355 609 et

225 652 392 719 adorandis
403 653 522 719 inserta
532 650 743 719 monumentis
754 650 859 717 redico
870 650 970 715 snimi
979 649 1045 715 iam
1061 650 1185 715 teneris.
1200 649 1355 731 scriptum

224 756 290 833 est,
322 755 510 820 meministi:
530 754 702 820 laudent
722 757 761 819 te
783 754 950 836 proximi
972 754 1042 819 tui.
1084 770 1158 817 uere
1181 752 1248 817 sols
1275 751 1357 816 mihi

227 855 344 925 uellem
366 876 460 923 cause
481 856 628 925 existeret
650 856 772 925 Gsllise
795 856 967 936 expetendi,
996 858 1032 921 ut
1053 872 1126 921 cnm
1148 854 1261 921 domno
1284 872 1355 919 meo

225 961 423 1045 presbytero,
451 959 576 1044 utrique
596 959 775 1026 osculantes
797 976 908 1028 manus
930 958 964 1021 et
984 957 1092 1023 oculos
1113 958 1195 1036 tuos,
1227 957 1393 1026 beatams

225 1068 259 1131 te
291 1066 325 1132 in
353 1066 464 1148 quouis
493 1063 671 1133 adflictione
704 1064 853 1145 temporis
886 1061 1095 1128 redderemus.
1141 1061 1266 1127 domina
1298 1064 1356 1137 mi,

230 1171 357 1251 propter
378 1171 459 1252 quod
481 1168 653 1235 mittuntur
668 1166 828 1251 epistolae,
851 1181 977 1247 corpore
990 1183 1042 1230 me
1056 1164 1162 1229 ualere
1177 1164 1357 1248 significans
1412 1184 1423 1197 ’

228 1274 445 1356 prosperitatis
471 1274 596 1339 uestrae
618 1271 738 1337 etstum
760 1271 899 1353 requiro,
929 1268 1098 1350 deprecans
1126 1271 1157 1331 ct
1185 1288 1239 1351 per
1260 1268 1358 1333 deum

229 1376 406 1454 coniurans,
435 1394 475 1440 ne
497 1392 649 1456 umquam
669 1373 749 1439 mihi
770 1373 946 1440 orationum
974 1372 1148 1437 uestrarum
1176 1372 1360 1437 adiumenta

230 1478 401 1560 denegetis.
1371 1496 1395 1536 n

756 1596 826 1663 XV.

598 1732 782 1789 ENNODIVS
808 1730 984 1789 eunucho.

268 1840 334 1905 Deo
356 1838 492 1923 gratias,
523 1839 576 1922 qni
605 1838 687 1904 cirea
714 1838 963 1921 magnitudinem
990 1840 1129 1902 uestram
1151 1836 1224 1901 licet
1245 1837 1360 1917 protn-

229 1944 303 2009 lerit
318 1943 434 2028 cupita,
450 1960 511 2008 non
526 1942 673 2024 reppulit.
697 1942 813 2006 etenim
828 1960 866 2006 ne
883 1939 958 2004 fides
971 1938 1123 2005 claudicet
1139 1938 1360 2023 supplicantis

227 2046 381 2112 desideria
404 2044 599 2126 differuntur,
623 2046 697 2127 quis
719 2045 904 2111 deuenustst
931 2046 1094 2109 secuturae
1117 2040 1284 2106 hilaritatis
1300 2058 1395 2122 ge-ns

228 2152 316 2214 nium
338 2149 428 2214 uelox
450 2147 640 2230 impetratio.
670 2148 702 2212 et
723 2166 779 2212 uos
805 2146 933 2229 quidem
956 2146 1086 2210 honores
1111 2145 1268 2222 meruisse,
1292 2162 1360 2209 non

228 2254 351 2334 optasse
374 2252 577 2316 manifestum
600 2254 658 2315 est.
696 2252 750 2315 sed
773 2251 957 2333 praecedens
981 2248 1175 2315 concinnatio
1198 2247 1361 2330 eloquitur

227 2359 301 2419 uota
323 2354 521 2439 diligentum.
553 2356 642 2420 nouit
660 2355 855 2436 omnipotens
877 2358 909 2418 et
931 2355 1052 2438 generis
1075 2352 1173 2417 uestri
1191 2352 1261 2417 luce
1284 2369 1361 2433 per-

228 2460 332 2522 motus
355 2461 386 2523 et
408 2460 528 2540 gratiae
551 2478 645 2542 quam
666 2457 800 2540 polliciti
823 2459 899 2523 estis
922 2456 1076 2522 inuitatus
1104 2455 1236 2521 fiducia:
1263 2473 1360 2536 prae·

229 2559 324 2625 cessit
345 2560 379 2624 in
401 2561 556 2644 prosperis
585 2560 699 2627 uestris
722 2561 869 2642 quicquid
892 2576 946 2623 uos
970 2558 1136 2640 disciplina
1161 2559 1215 2621 aut
1237 2557 1396 2623 rationes

230 2662 391 2728 cohibetis.
430 2662 588 2729 sufficiant
610 2658 792 2729 inferibus
823 2662 934 2727 stricta
963 2661 1138 2742 conloquia:
1173 2662 1360 2743 respondete

230 2764 269 2829 de
291 2767 499 2850 prosperitate
521 2768 626 2831 nestra
648 2765 793 2848 sollicito,
818 2763 962 2846 quamuis
985 2765 1023 2828 de
1042 2780 1146 2827 amore
1169 2778 1230 2827 non
1247 2762 1358 2831 dubio.

227 2867 352 2934 domine
375 2868 428 2947 mi,
452 2868 652 2935 salutationis
674 2868 874 2950 plenissimae
897 2865 1046 2948 obsequia
1067 2866 1244 2946 dependens
1268 2866 1362 2933 litte-

228 2989 334 3036 rarum
357 2972 543 3057 portitorem
566 2971 757 3045 commendo,
781 2972 855 3053 quia
870 2970 949 3035 mihi
965 2969 1025 3034 fide
1049 2974 1080 3034 et
1097 2968 1259 3035 honestate
1283 2987 1361 3036 con·

227 3078 335 3158 pertus
357 3079 420 3153 est,
446 3075 552 3139 nolens
581 3077 737 3141 uniuersis
761 3074 835 3160 quid
863 3073 1051 3157 dignationis
1073 3076 1195 3138 uestrse
1223 3073 1362 3139 habeam
1372 3095 1395 3134 ss

230 3196 292 3243 nou
313 3179 421 3258 taceri,
443 3181 480 3242 ut
502 3183 663 3261 sperantes
686 3181 723 3243 de
741 3176 914 3242 communis
929 3177 1048 3260 gratiae
1064 3192 1162 3241 messe
1178 3179 1358 3258 pascantur.

330 3335 348 3386 3
366 3333 445 3389 Prou.
463 3332 506 3400 27,
524 3332 541 3387 2

281 3472 367 3541 lsis]
393 3488 422 3525 se
440 3472 488 3525 Bt
590 3471 804 3525 2monimentia
822 3471 864 3538 (ui
881 3487 915 3525 ec
932 3486 969 3524 nu
986 3478 1069 3535 corr.)
1086 3472 1114 3525 L
1217 3471 1359 3526 3landcn

230 3560 258 3614 L
351 3559 462 3612 tuelim
474 3558 537 3625 Bo,
556 3557 650 3611 sellim
661 3557 701 3612 B¹
797 3558 905 3611 dominc
921 3556 965 3611 Tb
1058 3555 1249 3626 5prsesbiterc
1262 3556 1290 3611 Β

228 3646 246 3699 6
262 3646 302 3699 mi
318 3645 424 3712 scripsi,
450 3642 519 3697 mihi
538 3644 663 3699 BLTVh
759 3642 968 3713 laepistclseB
1062 3642 1249 3712 8dcprsecans
1262 3643 1289 3697 Β

227 3732 337 3799 {idque
355 3730 390 3795 L,
417 3744 517 3798 nquam
535 3729 563 3783 Β
973 3716 976 3724 ’

279 3833 335 3888 XV.
373 3834 406 3887 13
429 3836 546 3888 uscham
571 3835 788 3904 magnitudinem
813 3834 838 3889 Τ
951 3836 983 3889 14
1005 3834 1108 3903 repulit
1130 3834 1199 3899 BT,
1230 3830 1365 3901 reppnllit

228 3922 256 3976 L
360 3921 394 3975 16
420 3921 550 3975 meruisse
568 3927 585 3974 h
604 3925 712 3990 optasse
735 3921 762 3975 L
868 3920 899 3974 l'i
925 3920 1102 3975 manifestum
1120 3918 1147 3974 L
1170 3934 1232 3973 man
1251 3920 1284 3973 iss
1301 3934 1364 3973 rus.

227 4008 381 4062 ostnon'hss
398 4007 499 4061 litteris
602 4008 634 4062 18
660 4006 836 4076 diligentium
864 4008 947 4063 LTV
1048 4007 1081 4061 19
1104 4006 1180 4075 estis]
1199 4006 1242 4058 est
1263 4004 1291 4058 B

229 4094 357 4161 praecessi
375 4094 410 4161 Β,
437 4094 580 4181 praecessit
603 4093 629 4146 V
730 4094 765 4149 21
783 4093 919 4149 cohebctis
938 4094 987 4147 Bc
1090 4092 1187 4147 stricte
1204 4107 1239 4146 ec
1257 4092 1365 4159 scripte

230 4196 258 4250 Β
297 4196 518 4337 ,Τῐωροιιᾱοηῢο
533 4197 577 4251 Ro
674 4196 788 4253 semini
802 4196 905 4253 BLVt
1002 4194 1105 4249 altem
1118 4194 1145 4248 Β
1243 4192 1367 4247 26com=

229 4298 305 4337 muni
1353 4304 1357 4313 ‚
