2934 4934
278 414 343 481 390
637 411 753 480 hfagni
770 410 1046 466 Felieis'linnodi

278 623 340 670 non
377 604 547 688 perpercit:
591 603 803 671 misericordia
846 606 894 670 eet
929 604 1009 669 eirea
1052 603 1238 668 facinorosos
1277 606 1384 668 seruus

277 706 443 773 districtio.
466 725 538 790 ergo
552 707 656 790 sopori
671 709 841 773 terminum
856 726 973 792 ponens
986 709 1207 773 mandatorum
1221 706 1383 772 eaelmtiun

279 809 400 876 hostem
430 809 569 892 depelle,
599 829 639 875 ne
668 811 801 876 eandida
828 810 1023 876 eonuerseiio
1055 813 1163 876 tenum
1191 808 1383 876 habitantium

278 912 366 978 fusca
381 912 628 996 superuenientis
640 913 822 996 contagione
836 913 1001 979 uioletur’'.
1017 913 1092 979 ilieo
1108 912 1224 980 diuinis
1239 915 1383 980 obseoutus

277 1016 415 1100 imperiis
443 1015 602 1082 hominem
629 1019 737 1096 nouat,
771 1018 979 1083 mentientem
1007 1017 1178 1095 deminuit,
1212 1016 1318 1082 feriato
1341 1033 1407 1081 ores

276 1120 358 1184 male
380 1119 496 1185 eonseii
510 1121 614 1185 omnia
628 1121 694 1186 eius
710 1120 800 1204 gesta
813 1121 1020 1203 persequitur.
1044 1119 1169 1203 expauit
1183 1119 1383 1202 deprehensus,

278 1239 348 1288 eum
367 1221 489 1308 flagitis
503 1240 560 1289 sus
573 1225 726 1290 recenseri
748 1224 870 1290 uideret
884 1223 923 1288 ab
939 1224 1074 1304 homine,
1098 1242 1175 1306 quae
1191 1223 1259 1290 sine
1273 1221 1383 1288 humaui

276 1327 397 1409 generis
424 1327 506 1391 teste
536 1329 752 1392 oommiserat:
779 1327 934 1392 uiatieum
955 1328 1112 1410 poposcit,
1136 1325 1246 1411 fugem
1267 1333 1384 1394 tremens

276 1429 455 1510 adparauit:
478 1427 624 1495 eontinuo
647 1432 753 1495 tamen
774 1430 944 1512 pediseque
965 1448 1055 1495 reum
1076 1428 1157 1494 ultio
1181 1429 1384 1513 oonprebondit

277 1536 310 1599 et
332 1533 489 1615 expiatum
511 1533 613 1598 soulns
636 1535 806 1615 patratoris
830 1537 931 1598 morte
952 1534 1124 1598 nuntiauit.
1149 1533 1197 1599 ite
1210 1551 1310 1600 sermo
1322 1533 1407 1598 iustis

275 1634 398 1702 uiribus
421 1653 525 1701 earere
548 1653 610 1701 non
631 1637 744 1719 potuit.

318 1739 441 1806 Interea
476 1743 603 1805 sanetus
638 1739 689 1805 uir
728 1758 783 1822 per
825 1742 966 1825 regiones
1009 1739 1158 1807 finitimas
1201 1743 1384 1808 insidiatrin'a

275 1843 376 1908 famae
418 1842 535 1927 linguis
577 1843 731 1922 innotuit,
775 1862 853 1926 quae
893 1863 933 1910 ne
975 1847 1100 1929 pareret
1141 1845 1180 1911 de
1224 1845 1384 1911 salebritate

275 1946 471 2030 iactantiam,
505 1949 578 2012 ante
609 1947 732 2028 prouisa
759 1951 833 2012 sunt
861 1949 1014 2031 remedia,
1049 1966 1142 2033 quam
1168 1951 1296 2016 morbus
1325 1949 1385 2013 edo

275 2049 414 2116 leseeret.
457 2050 511 2133 qui
548 2049 631 2116 enirn
666 2051 861 2134 grandaeuus
893 2055 948 2116 eut
982 2051 1094 2117 debilis
1130 2053 1207 2118 duee
1240 2051 1408 2136 diligentias

275 2173 337 2220 non
365 2154 488 2218 itineris
515 2153 605 2218 illius
633 2153 847 2220 transmeabat
874 2154 1027 2239 abrupte,
1057 2173 1129 2221 eum
1151 2156 1299 2222 dentibus
1320 2155 1385 2220 ueli-

275 2255 415 2323 tudinem
439 2255 598 2322 desideriis
628 2258 723 2323 etiam
752 2257 963 2341 aegritudines
994 2277 1123 2343 oorpora
1148 2278 1209 2326 non
1241 2259 1385 2326 teuemnti

274 2358 334 2424 hae
356 2360 538 2442 perterritus
553 2359 728 2443 frequentia
746 2361 787 2426 ed
802 2362 971 2428 seeretiora
985 2362 1104 2428 heremi
1119 2363 1232 2430 beatus
1248 2363 1385 2428 Antonius

274 2461 407 2529 eredidit
435 2462 632 2544 euolandum,
660 2481 699 2529 ne
727 2465 934 2549 singulorum*
954 2468 1077 2533 deuotio
1107 2467 1287 2533 inamabilis
1308 2468 1385 2530 adro

274 2565 400 2649 gantiae
432 2567 533 2632 mater
568 2569 715 2634 existeret
747 2574 779 2634 et
812 2569 850 2634 de
882 2568 1074 2634 multiformi
1107 2571 1211 2655 gratia
1244 2568 1408 2657 ngidiudm

274 2669 425 2754 propositi
447 2670 539 2736 ruine
560 2675 750 2738 nusoeretur.
778 2691 850 2739 mox
867 2677 974 2738 tamen
989 2690 1136 2754 seeessua
1159 2692 1254 2757 quem
1268 2670 1385 2756 pendula

165 2811 167 2816 ·
274 2791 364 2855 rupes
387 2774 638 2852 demandabat,
662 2775 782 2841 eleetus
803 2778 870 2856 est,
896 2777 931 2841 in
953 2794 1014 2859 quo
1035 2775 1127 2842 anuis
1148 2777 1296 2861 plurimis
1315 2775 1384 2841 solus

274 2878 307 2940 et
328 2893 400 2942 uere
415 2877 583 2943 monachus
598 2879 701 2944 uitam
715 2879 783 2944 sine
798 2879 929 2945 humani
945 2882 1067 2964 generis
1081 2884 1224 2945 consorte
1237 2879 1383 2961 transegit

274 2977 370 3044 dabat
402 2977 483 3045 ferae
515 2999 569 3062 pro
601 2979 761 3047 sodalibus
790 2986 942 3049 montena
974 2984 1131 3048 solitudo:
1165 2983 1306 3068 mugitus
1331 2978 1385 3045 orsi

273 3081 467 3166 aliarumque
494 3083 656 3150 beluarum
686 3086 793 3151 minax
816 3085 1062 3152 inmurmuratio
1090 3103 1146 3168 pro
1169 3085 1304 3153 blandae
1323 3098 1408 3149 eon-⁸

273 3182 475 3251 fabulationis
507 3187 723 3252 communione
756 3187 941 3271 ponebatur.
979 3187 1116 3272 denique
1148 3206 1184 3254 ee
1216 3188 1386 3274 tempstate

273 3304 364 3353 ursus
385 3277 578 3372 petulantior
598 3289 716 3372 gloriae
738 3292 811 3374 plus
833 3290 963 3357 daturus
987 3292 1093 3358 oeulos
1112 3294 1212 3376 ipsius
1233 3291 1384 3375 puberibus

270 3389 355 3456 foliis
390 3391 536 3458 laetiores
575 3394 608 3458 et
637 3396 774 3477 quedam
802 3393 929 3460 domino
960 3395 1122 3462 hilaritate
1149 3397 1320 3480 gestientes
1345 3393 1384 3457 iu

272 3493 358 3560 mani
379 3495 556 3581 ingrediens
579 3497 765 3562 eontritione
787 3499 936 3584 uastauit,
959 3499 1006 3565 ita
1027 3506 1064 3563 ut
1087 3517 1241 3583 nusquam
1263 3497 1384 3564 desim

324 3718 340 3770 1
357 3717 422 3774 eiria
440 3716 478 3772 12·
579 3719 599 3782 2
616 3719 717 3788 soporis
737 3719 762 3774 Τ
862 3719 880 3776 Β
903 3719 1076 3778 habitantum
1093 3721 1192 3789 Sim„
1227 3717 1386 3776 hedunfluu

272 3801 299 3859 Τ
398 3803 488 3873 'ique
512 3803 540 3860 B
642 3806 1005 3877 8tostehumenigeneris
1027 3809 1115 3866 m
1212 3799 1385 3876 bodwssiii

270 3909 386 3978 erupere
404 3909 460 3973 su,
486 3909 758 3979 inproperantes.
856 3899 948 3968 mnne
966 3917 994 3980 (ο
1011 3915 1044 3969 rs
1060 3929 1116 3968 ras.
1134 3916 1218 3983 ωη.)
1234 3913 1262 3968 u
1350 3921 1385 3976 a

270 3994 395 4066 naam
418 3995 444 4050 r
485 4005 488 4014 ’
553 4009 641 4050 reum
667 3995 691 4049 u
806 3997 840 4054 12
862 3999 1008 4070 srmone
1034 3999 1060 4056 r
1172 4001 1206 4056 re
1226 3985 1285 4056 ni.
1304 3999 1331 4053 n

270 4082 423 4151 grmdeuus
440 4080 554 4138 Bm
646 4083 678 4138 16
696 4083 813 4154 adrupta
829 4085 865 4152 L,
890 4085 1000 4142 obruite
1020 4087 1047 4142 1·
1140 4089 1174 4142 18
1191 4086 1287 4142 herimi
1305 4083 1332 4140 B

269 4167 304 4221 m
320 4167 444 4238 plurimu
461 4167 508 4222 Pb
602 4169 667 4226 solie
686 4170 724 4226 Π
827 4172 862 4227 28
880 4187 1007 4228 monum
1024 4172 1063 4230 11¹
1167 4171 1329 4230 uoneoth
1365 4241 1377 4251 ²

269 4251 305 4307 25
322 4255 498 4310 murmuratio
519 4256 545 4310 T
645 4257 679 4312 27
696 4258 862 4326 peruleutior
878 4259 907 4314 B
1004 4259 1149 4330 pauperihus
1167 4259 1195 4314 L
1293 4257 1328 4314 28
1343 4257 1386 4310 duo

269 4355 298 4413 L
313 4371 335 4412 r.
352 4357 379 4424 t,
407 4356 439 4412 de
456 4358 565 4414 domino
581 4360 648 4428 sort.
753 4361 874 4418 ilaritate
892 4363 919 4418 L
1021 4363 1056 4418 29
1073 4379 1190 4434 nequam
1207 4363 1235 4420 L
