2934 4934
437 431 672 502 Epistularum
694 432 784 487 liber
801 432 870 489 1111.
1156 434 1219 503 115

92 623 236 689 erorcib'o
251 622 444 688 commutare
464 624 500 687 et
513 621 692 705 rubiginem
713 621 898 688 rusticantis
921 620 1036 707 eloquii
1049 620 1218 691 subtilibus

90 724 201 791 studiis
211 742 367 805 amouere,
383 727 455 809 quia
466 726 547 792 sicut
560 728 709 791 damnum
721 726 861 793 curiatis
876 728 924 792 est
935 728 1071 810 primum
1080 728 1219 810 cupienti

91 846 146 893 non
170 827 317 893 dedicare
339 846 526 907 sermonem,
554 830 602 894 ita
621 830 838 912 promulgatae
871 829 1034 914 scriptioni
1055 830 1218 899 silentIum

90 932 218 997 mttere
240 948 298 997 reo
319 932 477 997 amiciliac
493 932 606 998 suadet
619 933 769 999 memoris
784 951 840 998 uec
854 932 990 1017 puteris.
1013 952 1096 998 nunc
1109 937 1219 999 tauron

71 1035 220 1101 acmessit
243 1036 434 1117 eugenium
461 1054 567 1100 meum
589 1036 671 1118 quod
692 1036 823 1121 paginus
856 1036 1028 1121 imperasti,
1062 1036 1121 1102 etsi
1143 1039 1217 1104 sub-

90 1138 229 1204 trabitur
249 1139 440 1217 testimonio,
464 1138 545 1221 quod
567 1157 738 1223 numquam
760 1139 793 1205 iu
817 1158 921 1206 amore
943 1140 1025 1205 uires
1047 1138 1218 1223 interrogo.

89 1241 227 1306 lacessat
250 1240 290 1306 nb
312 1240 448 1325 lngeuiis
463 1242 660 1320 liberalibus,
689 1242 726 1309 ut
748 1243 855 1309 credas
877 1242 993 1309 fascem
1016 1261 1080 1309 esse
1101 1243 1216 1307 intole-

89 1344 233 1425 rabilem,
258 1363 352 1427 quem
374 1345 493 1410 amious
514 1344 646 1431 inponit.
680 1347 715 1410 tu
738 1348 864 1410 tanturn
886 1346 993 1411 eructa
1026 1346 1217 1429 conplectere

90 1448 122 1511 et
136 1466 305 1513 censuram
321 1450 475 1534 castigans
490 1447 616 1513 rancida
632 1448 827 1514 indicantum
842 1448 958 1533 depone
973 1448 1108 1515 fastidia
1132 1447 1214 1514 absit

59 1570 107 1614 ros
127 1552 161 1616 te
186 1570 258 1616 eum
281 1570 342 1617 non
364 1550 466 1615 fouere
489 1549 543 1633 qui
557 1550 671 1635 paruit.
694 1551 730 1615 in
751 1570 839 1635 spem
855 1550 976 1617 altioris
998 1553 1103 1617 meriti
1118 1550 1219 1616 trabi-

89 1657 151 1737 tur,
176 1654 304 1719 etamsi
326 1653 432 1719 ueniat
455 1672 473 1718 a
495 1656 620 1719 moneta
647 1654 777 1735 triuiali,
802 1655 855 1739 qui
877 1654 937 1719 tibi
960 1652 1130 1737 inpositum
1153 1654 1216 1719 oris

88 1756 286 1841 mancipauit
309 1757 501 1840 obsequium.
525 1776 597 1841 ergo
619 1756 700 1841 nale,
733 1757 778 1821 mi
801 1756 934 1837 domine,
957 1760 1031 1841 quia
1053 1760 1124 1823 nolo
1147 1757 1215 1823 fieri

89 1858 213 1941 prolixa
235 1878 314 1943 quae
335 1880 396 1926 uon
418 1863 491 1925 sunt
518 1860 557 1925 ad
586 1860 840 1945 perpendiculum
874 1859 1025 1927 fabricata
1048 1860 1218 1945 conloquia.

89 1964 125 2027 tu
146 1981 283 2027 messem
305 1962 424 2047 gratiae
445 1963 533 2028 iuxta
552 1962 696 2029 fiduciam
717 1982 819 2031 meam
843 1964 1004 2047 tamquam
1019 1963 1095 2029 uber
1117 1963 1219 2029 solum

58 2062 233 2150 mentitae,
257 2066 331 2150 quia
353 2066 385 2130 in
408 2068 463 2130 tuo
484 2067 614 2151 posthac
636 2069 696 2132 erit
719 2067 859 2149 arbitrio,
892 2067 920 2133 si
942 2067 1048 2134 crebro
1070 2066 1218 2153 epistolas

89 2187 177 2233 meas
199 2168 340 2252 accipere
362 2170 505 2250 uolneris,
528 2169 577 2234 bis
599 2189 650 2235 me
672 2170 788 2235 muniis
810 2170 954 2236 inuitare.

587 2355 726 2423 xxmr.

478 2476 664 2551 nnuonrvs
691 2494 835 2551 rnvsuc.

130 2617 239 2700 Aeger
252 2615 377 2683 animus
391 2617 473 2683 sicut
487 2617 612 2683 sflentia
633 2634 694 2684 nou
709 2618 840 2699 patitur,
855 2616 903 2685 its
918 2636 1095 2699 processum
1110 2636 1219 2685 narra·

59 2719 187 2786 ntioms
220 2720 360 2787 abiurat:
399 2720 619 2786 contestationi
652 2721 799 2787 maeroris
833 2738 891 2787 nec
923 2720 1123 2789 taciturnitas
1158 2736 1216 2787 nnc

90 2823 257 2905 conloquia
289 2822 409 2906 prolim
434 2822 641 2889 conueniunt:
675 2824 796 2889 artatm
818 2824 932 2907 pagina
965 2822 1015 2889 oui
1048 2823 1101 2889 uix
1132 2824 1215 2889 iuter

90 2926 230 3005 gemitus
252 2926 350 2991 uerba
371 2924 563 2992 tribuuntur.
584 2927 638 2992 sed
660 2926 735 3009 quid
757 2927 865 2993 adsero
880 2927 1005 3009 linguae
1027 2925 1121 2993 lenas
1144 2925 1216 3007 pluo

90 3025 247 3111 loquendo
270 3029 304 3093 et
325 3030 465 3094 coactam
487 3028 667 3095 necessariis
684 3030 850 3113 epistulam
867 3029 1011 3095 terminis
1032 3028 1217 3113 garrulitate

90 3132 264 3212 polliceor?
286 3134 381 3198 deum
402 3151 530 3215 quaeso,
563 3136 599 3198 nt
621 3134 769 3199 anxietati
790 3152 878 3201 meae
896 3134 934 3199 <le
956 3132 1121 3198 manifesto
1142 3149 1214 3215 pro·

58 3235 253 3316 asperitatis
269 3236 389 3300 uestrae
403 3236 564 3301 succurrat
585 3234 709 3301 indicio.
731 3236 786 3303 ille
801 3236 949 3301 admittat
963 3236 1109 3301 lacrimae
1120 3252 1217 3315 meas,

91 3336 143 3401 cui
167 3337 272 3402 clausa
294 3355 346 3402 ora
360 3337 559 3415 fabulentur,
593 3339 644 3404 oui
666 3339 706 3404 ad
734 3338 858 3422 plenam
892 3338 1079 3424 legationem
1102 3338 1221 3404 sufficit

91 3458 127 3504 ex
151 3439 377 3522 conpunctione
393 3440 528 3507 defluens
543 3441 642 3507 imber
656 3441 826 3508 oculorum.
849 3459 905 3525 ego
920 3440 1142 3509 labefactatam
1158 3459 1221 3507 nou

144 3643 336 3713 2dampnum
362 3643 420 3700 LV
518 3646 666 3716 4suadet]
690 3648 798 3701 suaset
826 3646 854 3703 B
955 3644 1097 3701 memoriae
1124 3642 1153 3699 B

90 3729 244 3785 badcaesit
264 3730 292 3785 B
380 3731 512 3801 imperasti
528 3731 556 3786 B
653 3731 804 3802 lingentis
822 3732 867 3803 (iis
884 3734 917 3787 in
933 3730 1043 3797 roeru
1139 3728 1221 3798 qu

88 3850 180 3918 ponsa
196 3851 300 3905 mrem
324 3849 351 3904 u
451 3850 710 3908 assumerent
815 3854 846 3908 11
871 3868 887 3907 a
909 3869 961 3909 om.
986 3852 1014 3907 s
1116 3821 1223 3934 sitim

89 3969 158 4115 ΞΗ
176 4056 205 4111 Β
221 3970 255 4025 ra
271 3934 372 4040 eneis
387 3969 416 4026 s
530 3934 583 4026 ts
600 3972 628 4029 s
732 3944 863 4031 resto
962 3974 994 4029 rs
1011 3969 1141 4039 innan]
1158 3966 1223 4023 uns

144 4158 267 4215 XXIIII.
303 4157 460 4228 lbegorB
554 4160 718 4217 bomeroris
736 4162 819 4219 ΜΨ
910 4160 1081 4217 auersatus
1102 4156 1159 4225 Ti?

88 4277 125 4332 aa
136 4251 283 4334 meinans
294 4276 322 4334 n
415 4278 451 4333 aa
461 4279 600 4351 puteos]
612 4281 715 4352 proruo
727 4283 809 4351 fora·
826 4280 922 4349 aeas.
936 4280 1027 4351 spu.
1044 4278 1153 4337 rnna

88 4379 175 4434 queso
196 4364 251 4420 TV
334 4362 523 4435 allegationem
540 4366 605 4434 fort.
691 4366 725 4422 Il
744 4367 820 4424 inber
839 4368 867 4425 Β
953 4367 1116 4424 hbeismam
1136 4363 1172 4421 2¹¹

1080 4472 1120 4528 8*
