2934 4934
244 369 313 439 694
608 369 723 439 Magni
740 369 869 426 Felicis
887 369 1022 426 iinnosli

333 559 462 646 Linque,
486 581 599 645 quaeso
621 562 730 640 amice,
753 579 855 626 mores
877 559 969 644 plebe
989 561 1102 644 dignos
1123 560 1248 645 ultima,

335 664 504 750 Sanguinis
527 665 639 732 callem
661 663 790 730 secutus
813 681 905 729 serua
925 665 1007 746 quod
1029 662 1175 748 depectus
1197 681 1243 730 es.

624 815 810 874 nunculvs
827 815 1004 872 sensato.

375 924 460 989 Ante
492 918 660 1006 imperium
687 921 873 1006 diligentiae
902 924 1025 988 uestrae
1052 921 1261 989 ualitudinem
1295 942 1378 989 suam

334 1027 475 1092 iniuncta
496 1029 673 1093 tenuerunt.
703 1044 778 1090 nam
799 1044 839 1090 ne
860 1026 912 1092 cui
925 1025 1002 1090 haec
1016 1025 1168 1091 darentur
1181 1025 1235 1090 nal
1249 1027 1377 1110 legenda

335 1130 387 1195 uel
409 1129 648 1196 transcribenda
668 1129 892 1213 praemonitus,
915 1129 1024 1195 obuias
1046 1128 1249 1211 poscentibus
1271 1148 1377 1194 manus

267 1232 291 1298 ὅ
334 1232 483 1316 opposui:
506 1251 590 1298 nunc
612 1231 714 1297 uictus
737 1231 786 1298 tui
808 1231 938 1298 caritate
961 1229 1130 1298 transmisi.
1154 1231 1251 1298 iacies
1275 1251 1378 1298 menn

332 1336 483 1419 pudorem
517 1335 551 1401 in
584 1335 718 1401 statione
752 1353 834 1415 esse,
867 1325 895 1400 si
926 1334 1061 1419 relegas,
1095 1335 1130 1400 in
1163 1335 1376 1418 profligatione

334 1439 481 1519 mamma,
506 1437 534 1504 si
556 1439 755 1505 transcribas.

757 1593 872 1660 cvm.

333 1715 466 1781 Vincula
487 1714 583 1780 soluit
606 1734 702 1794 amor,
726 1733 806 1798 quae
827 1716 983 1797 quondam
1004 1714 1113 1779 nexuit
1134 1713 1231 1779 alter:

333 1817 404 1888 Non
426 1819 486 1886 nisi
508 1838 563 1903 per
586 1817 691 1903 legem
714 1819 798 1885 sciit
820 1819 871 1884 lex
892 1817 998 1900 prisca
1019 1817 1212 1916 mouentem.

745 1987 878 2055 evim.
993 2027 997 2034 ·

623 2107 680 2179 [un
701 2107 878 2163 vnassevs
900 2106 1001 2178 sure]

331 2215 514 2300 Numquam
536 2214 694 2298 frugiferis
716 2233 772 2298 per
794 2213 920 2280 saecula
943 2213 1037 2298 longa
1057 2213 1234 2298 thyrambis

373 2319 412 2383 In
426 2323 486 2383 ‘me
509 2317 666 2384 fluxerunt
688 2318 851 2384 commotis
873 2316 1012 2384 Castalii

331 2423 451 2488 Tristia
471 2422 585 2487 ieiunis
607 2423 798 2505 pungentem
821 2419 959 2488 carmina
981 2420 1087 2501 labris,

374 2525 451 2608 Spes
473 2543 564 2605 noue,
588 2525 663 2609 quid
686 2524 841 2604 stimules,
868 2522 1002 2608 gurgitis
1024 2523 1142 2589 Aonii?

267 2629 290 2695 5
332 2628 393 2696 Sed
415 2629 442 2694 si
465 2627 587 2694 mutato
609 2627 780 2694 Parcarum
802 2628 938 2694 stamine
960 2626 1088 2711 gaudes,

374 2732 492 2798 Exhibe
515 2733 711 2815 cornipedem
734 2751 828 2810 nunc,
851 2732 997 2816 Pegaseo,
1020 2731 1110 2808 mibi,

330 2835 392 2917 Qui
415 2836 496 2900 ierat
518 2835 670 2918 eligerum
693 2854 749 2917 per
769 2835 916 2920 gramina
936 2835 1058 2902 roscida
1081 2853 1193 2919 corpus

374 2938 441 3004 Nee
463 2943 588 3006 teneras
610 2938 716 3006 flectat
739 2939 885 3024 uestigiis
908 2943 1039 3022 segetes,

331 3040 504 3107 Sublimem
527 3043 669 3108 ualidum
691 3042 864 3109 formosum
886 3043 1029 3125 passibus
1053 3043 1178 3126 aptum:

246 3144 288 3210 10
373 3144 435 3224 Qui
457 3145 485 3210 si
508 3146 687 3229 contingat,
701 3165 774 3212 mox
794 3145 883 3224 mibi,
907 3146 1008 3225 Musa,
1032 3147 1148 3227 places.

330 3247 471 3313 Mitteris
494 3248 534 3314 ad
555 3249 680 3332 largum
704 3248 894 3333 locupletem
915 3267 1040 3332 poscere
1060 3267 1175 3331 parua:

372 3349 415 3415 Ni
438 3352 577 3435 gaudm
598 3353 718 3432 redeas,
741 3353 793 3420 dic
814 3353 902 3430 mibi,
923 3353 1024 3435 Musa,
1047 3353 1128 3418 uale.

233 3601 236 3606 ¹
346 3533 461 3590 OVIIII.
484 3535 502 3590 8
519 3534 554 3593 cl.
572 3535 651 3604 Varg.
670 3537 738 3592 Aen.
756 3534 811 3590 VII
827 3535 928 3606 sossp

297 3705 430 3774 iiignus
447 3707 522 3773 iibri,
547 3723 595 3764 soc
610 3705 691 3762 Siron.
786 3707 960 3778 8cisspectus
978 3707 1026 3762 Ei
1120 3709 1139 3762 4
1157 3709 1379 3766 transambaada

247 3791 273 3848 V
357 3793 490 3863 (treligas
504 3793 533 3847 B
619 3793 634 3848 i
647 3792 827 3848 traucscuibas
843 3793 871 3849 V
953 3795 1054 3850 cvm.
1071 3795 1310 3854 ALIVDs‘nacr.b

243 3877 356 3934 cvssn.
379 3879 468 3933 Iesse.
486 3896 537 3934 om.
556 3879 628 3944 lebet,
655 3879 719 3934 odi
739 3878 835 3946 som
861 3878 1032 3936 sebenno
1051 3883 1154 3937 scottae
1169 3883 1379 3943 inser-iberatur.

242 3966 553 4036 cfi192‚3sp.213,20
647 3966 772 4036 llonga]
791 3970 888 4021 cuncta
903 3967 934 4022 E
1022 3968 1155 4038 tyrambis
1170 3969 1246 4036 lsboa’,
1273 3987 1379 4042 corym-

242 4051 507 4110 bisonticensis
579 4054 692 4110 ticiani
703 4053 768 4121 EV,
786 4053 919 4110 ieiuniiL
992 4058 1163 4125 spargentem
1174 4055 1311 4112 ELPVb

241 4139 397 4208 Gpcgasea]
421 4139 523 4193 Musam
546 4140 586 4195 sic
602 4141 744 4209 oppetiere
760 4141 887 4207 uicimus,
913 4142 969 4195 oss
989 4142 1063 4208 forte
1084 4156 1156 4196 nuuc
1177 4141 1331 4198 ‹10an
1354 4152 1379 4198 α

230 4222 363 4292 ‘Pegason
381 4239 439 4280 ecoe
456 4225 524 4280 mibi
541 4225 714 4282 messem
730 4232 772 4281 cet
870 4228 886 4279 i
904 4227 1028 4296 germina
1044 4228 1060 4282 b
1158 4228 1266 4283 ruscida
1282 4229 1379 4289 BLV.

243 4310 384 4365 rustioaP
461 4311 810 4383 8uestigiis]uelpedibus
822 4312 1031 4370 conicimus
1113 4313 1309 4382 lupoeoena
