<?xml version="1.0" encoding="UTF-8"?>
<!DOCTYPE html PUBLIC "-//W3C//DTD XHTML 1.0 Transitional//EN"
    "http://www.w3.org/TR/xhtml1/DTD/xhtml1-transitional.dtd">
<html xmlns="http://www.w3.org/1999/xhtml" xml:lang="en" lang="en">
 <head>
  <title>
</title>
<meta http-equiv="Content-Type" content="text/html;charset=utf-8" />
  <meta name='ocr-system' content='tesseract 3.04.00' />
  <meta name='ocr-capabilities' content='ocr_page ocr_carea ocr_par ocr_line ocrx_word'/>
</head>
<body>
  <div class='ocr_page' id='page_1' title='image "./corpusscriptoru13wissgoog_0170.png"; bbox 0 0 2934 4934; ppageno 0'>
   <div class='ocr_carea' id='block_1_1' title="bbox 253 338 1015 410">
    <p class='ocr_par' dir='ltr' id='par_1_1' title="bbox 253 338 1015 410">
     <span class='ocr_line' id='line_1_1' title="bbox 253 338 1015 410; baseline -0.008 -13"><span class='ocrx_word' id='word_1_1' title='bbox 253 346 295 409; x_wconf 83' lang='grc'><strong>66</strong></span> <span class='ocrx_word' id='word_1_2' title='bbox 609 340 723 410; x_wconf 67' lang='lat' dir='ltr'><strong>lingui</strong></span> <span class='ocrx_word' id='word_1_3' title='bbox 741 339 871 395; x_wconf 77' lang='lat' dir='ltr'><strong>Felicia</strong></span> <span class='ocrx_word' id='word_1_4' title='bbox 887 338 1015 393; x_wconf 76' lang='lat' dir='ltr'><strong>brnoni</strong></span> 
     </span>
    </p>
   </div>
   <div class='ocr_carea' id='block_1_2' title="bbox 252 526 1403 1339">
    <p class='ocr_par' dir='ltr' id='par_1_2' title="bbox 252 526 1403 1339">
     <span class='ocr_line' id='line_1_2' title="bbox 254 526 1370 613; baseline -0.004 -18"><span class='ocrx_word' id='word_1_5' title='bbox 254 530 362 595; x_wconf 79' lang='lat' dir='ltr'><strong>reterri</strong></span> <span class='ocrx_word' id='word_1_6' title='bbox 381 548 479 613; x_wconf 79' lang='lat' dir='ltr'><strong>grane</strong></span> <span class='ocrx_word' id='word_1_7' title='bbox 500 528 544 594; x_wconf 89' lang='lat' dir='ltr'><strong>sit</strong></span> <span class='ocrx_word' id='word_1_8' title='bbox 563 528 765 609; x_wconf 85' lang='lat' dir='ltr'><strong>inpetrntom.</strong></span> <span class='ocrx_word' id='word_1_9' title='bbox 787 544 862 593; x_wconf 88' lang='lat' dir='ltr'><strong>nam</strong></span> <span class='ocrx_word' id='word_1_10' title='bbox 882 527 1041 593; x_wconf 87' lang='lat' dir='ltr'><strong>uniuersas</strong></span> <span class='ocrx_word' id='word_1_11' title='bbox 1057 528 1168 593; x_wconf 78' lang='lat' dir='ltr'><strong>matris</strong></span> <span class='ocrx_word' id='word_1_12' title='bbox 1189 527 1256 593; x_wconf 83' lang='lat' dir='ltr'><strong>sius</strong></span> <span class='ocrx_word' id='word_1_13' title='bbox 1272 526 1370 593; x_wconf 87' lang='lat' dir='ltr'><strong>iaoul-</strong></span> 
     </span>
     <span class='ocr_line' id='line_1_3' title="bbox 253 629 1370 716; baseline -0.006 -14"><span class='ocrx_word' id='word_1_14' title='bbox 253 635 369 702; x_wconf 87' lang='lat' dir='ltr'><strong>tatulas</strong></span> <span class='ocrx_word' id='word_1_15' title='bbox 390 634 532 701; x_wconf 79' lang='lat' dir='ltr'><strong>aTorisa</strong></span> <span class='ocrx_word' id='word_1_16' title='bbox 551 634 603 700; x_wconf 88' lang='lat' dir='ltr'><strong>uel</strong></span> <span class='ocrx_word' id='word_1_17' title='bbox 623 633 696 699; x_wconf 82' lang='lat' dir='ltr'><strong>nbis</strong></span> <span class='ocrx_word' id='word_1_18' title='bbox 718 634 837 699; x_wconf 83' lang='lat' dir='ltr'><strong>adserit</strong></span> <span class='ocrx_word' id='word_1_19' title='bbox 855 633 955 699; x_wconf 84' lang='lat' dir='ltr'><strong>fuisse</strong></span> <span class='ocrx_word' id='word_1_20' title='bbox 968 633 1152 716; x_wconf 84' lang='lat' dir='ltr'><strong>oonpetitns.</strong></span> <span class='ocrx_word' id='word_1_21' title='bbox 1172 630 1268 709; x_wconf 75' lang='lat' dir='ltr'><strong>aliud,</strong></span> <span class='ocrx_word' id='word_1_22' title='bbox 1291 629 1370 713; x_wconf 87' lang='lat' dir='ltr'><strong>quod</strong></span> 
     </span>
     <span class='ocr_line' id='line_1_4' title="bbox 253 732 1372 822; baseline -0.006 -18"><span class='ocrx_word' id='word_1_23' title='bbox 253 737 432 804; x_wconf 73' lang='lat' dir='ltr'><strong>infelicitati</strong></span> <span class='ocrx_word' id='word_1_24' title='bbox 454 736 568 822; x_wconf 84' lang='lat' dir='ltr'><strong>pupilli</strong></span> <span class='ocrx_word' id='word_1_25' title='bbox 589 738 758 820; x_wconf 87' lang='lat' dir='ltr'><strong>potuissem</strong></span> <span class='ocrx_word' id='word_1_26' title='bbox 781 739 949 819; x_wconf 87' lang='lat' dir='ltr'><strong>praestare,</strong></span> <span class='ocrx_word' id='word_1_27' title='bbox 971 753 1032 802; x_wconf 91' lang='lat' dir='ltr'><strong>non</strong></span> <span class='ocrx_word' id='word_1_28' title='bbox 1053 734 1163 816; x_wconf 87' lang='lat' dir='ltr'><strong>habui,</strong></span> <span class='ocrx_word' id='word_1_29' title='bbox 1182 732 1246 799; x_wconf 90' lang='lat' dir='ltr'><strong>nisi</strong></span> <span class='ocrx_word' id='word_1_30' title='bbox 1260 734 1298 798; x_wconf 89' lang='lat' dir='ltr'><strong>ut</strong></span> <span class='ocrx_word' id='word_1_31' title='bbox 1320 750 1372 798; x_wconf 89' lang='lat' dir='ltr'><strong>ue·</strong></span> 
     </span>
     <span class='ocr_line' id='line_1_5' title="bbox 253 835 1370 924; baseline -0.007 -16"><span class='ocrx_word' id='word_1_32' title='bbox 253 846 352 908; x_wconf 89' lang='lat' dir='ltr'><strong>stram</strong></span> <span class='ocrx_word' id='word_1_33' title='bbox 378 842 525 908; x_wconf 89' lang='lat' dir='ltr'><strong>notitiam</strong></span> <span class='ocrx_word' id='word_1_34' title='bbox 551 840 736 907; x_wconf 80' lang='lat' dir='ltr'><strong>instruerem</strong></span> <span class='ocrx_word' id='word_1_35' title='bbox 766 840 798 904; x_wconf 93' lang='lat' dir='ltr'><strong>et</strong></span> <span class='ocrx_word' id='word_1_36' title='bbox 826 842 893 905; x_wconf 89' lang='lat' dir='ltr'><strong>ueri</strong></span> <span class='ocrx_word' id='word_1_37' title='bbox 921 839 1067 924; x_wconf 81' lang='lat' dir='ltr'><strong>fungerer</strong></span> <span class='ocrx_word' id='word_1_38' title='bbox 1096 836 1240 904; x_wconf 77' lang='lat' dir='ltr'><strong>relatoris</strong></span> <span class='ocrx_word' id='word_1_39' title='bbox 1262 835 1370 901; x_wconf 89' lang='lat' dir='ltr'><strong>offioio.</strong></span> 
     </span>
     <span class='ocr_line' id='line_1_6' title="bbox 254 940 1403 1027; baseline -0.01 -17"><span class='ocrx_word' id='word_1_40' title='bbox 254 948 396 1010; x_wconf 86' lang='lat' dir='ltr'><strong>uestrum</strong></span> <span class='ocrx_word' id='word_1_41' title='bbox 418 945 465 1011; x_wconf 88' lang='lat' dir='ltr'><strong>est</strong></span> <span class='ocrx_word' id='word_1_42' title='bbox 486 944 658 1027; x_wconf 74' lang='lat' dir='ltr'><strong>inspirante</strong></span> <span class='ocrx_word' id='word_1_43' title='bbox 680 942 736 1007; x_wconf 84' lang='lat' dir='ltr'><strong>deo</strong></span> <span class='ocrx_word' id='word_1_44' title='bbox 758 944 841 1008; x_wconf 88' lang='lat' dir='ltr'><strong>oiroa</strong></span> <span class='ocrx_word' id='word_1_45' title='bbox 860 945 1010 1009; x_wconf 88' lang='lat' dir='ltr'><strong>miserum</strong></span> <span class='ocrx_word' id='word_1_46' title='bbox 1032 940 1192 1025; x_wconf 88' lang='lat' dir='ltr'><strong>prouidere</strong></span> <span class='ocrx_word' id='word_1_47' title='bbox 1214 942 1295 1023; x_wconf 89' lang='lat' dir='ltr'><strong>quod</strong></span> <span class='ocrx_word' id='word_1_48' title='bbox 1318 940 1403 1004; x_wconf 75' lang='lat' dir='ltr'><strong>ati-⁵</strong></span> 
     </span>
     <span class='ocr_line' id='line_1_7' title="bbox 252 1043 1370 1130; baseline -0.004 -17"><span class='ocrx_word' id='word_1_49' title='bbox 252 1049 356 1113; x_wconf 88' lang='lat' dir='ltr'><strong>iuuet:</strong></span> <span class='ocrx_word' id='word_1_50' title='bbox 378 1048 418 1112; x_wconf 87' lang='lat' dir='ltr'><strong>ad</strong></span> <span class='ocrx_word' id='word_1_51' title='bbox 439 1066 490 1113; x_wconf 92' lang='lat' dir='ltr'><strong>me</strong></span> <span class='ocrx_word' id='word_1_52' title='bbox 511 1046 647 1130; x_wconf 86' lang='lat' dir='ltr'><strong>respexit</strong></span> <span class='ocrx_word' id='word_1_53' title='bbox 668 1064 747 1129; x_wconf 86' lang='lat' dir='ltr'><strong>quas</strong></span> <span class='ocrx_word' id='word_1_54' title='bbox 770 1045 850 1111; x_wconf 92' lang='lat' dir='ltr'><strong>mibi</strong></span> <span class='ocrx_word' id='word_1_55' title='bbox 872 1050 1028 1127; x_wconf 72' lang='lat' dir='ltr'><strong>resignate</strong></span> <span class='ocrx_word' id='word_1_56' title='bbox 1050 1048 1125 1110; x_wconf 89' lang='lat' dir='ltr'><strong>sunt</strong></span> <span class='ocrx_word' id='word_1_57' title='bbox 1146 1043 1294 1111; x_wconf 78' lang='lat' dir='ltr'><strong>indicare.</strong></span> <span class='ocrx_word' id='word_1_58' title='bbox 1317 1046 1370 1109; x_wconf 85' lang='lat' dir='ltr'><strong>do·</strong></span> 
     </span>
     <span class='ocr_line' id='line_1_8' title="bbox 253 1147 1372 1233; baseline -0.006 -16"><span class='ocrx_word' id='word_1_59' title='bbox 253 1151 332 1217; x_wconf 92' lang='lat' dir='ltr'><strong>mini</strong></span> <span class='ocrx_word' id='word_1_60' title='bbox 353 1149 506 1232; x_wconf 82' lang='lat' dir='ltr'><strong>ueremni</strong></span> <span class='ocrx_word' id='word_1_61' title='bbox 527 1150 726 1216; x_wconf 87' lang='lat' dir='ltr'><strong>salutationis</strong></span> <span class='ocrx_word' id='word_1_62' title='bbox 749 1149 896 1232; x_wconf 86' lang='lat' dir='ltr'><strong>obsequia</strong></span> <span class='ocrx_word' id='word_1_63' title='bbox 916 1154 1119 1233; x_wconf 85' lang='lat' dir='ltr'><strong>praesentans</strong></span> <span class='ocrx_word' id='word_1_64' title='bbox 1147 1150 1184 1213; x_wconf 89' lang='lat' dir='ltr'><strong>do</strong></span> <span class='ocrx_word' id='word_1_65' title='bbox 1207 1147 1372 1213; x_wconf 85' lang='lat' dir='ltr'><strong>elementia</strong></span> 
     </span>
     <span class='ocr_line' id='line_1_9' title="bbox 253 1250 1370 1339; baseline -0.006 -20"><span class='ocrx_word' id='word_1_66' title='bbox 253 1253 360 1320; x_wconf 90' lang='lat' dir='ltr'><strong>diuina</strong></span> <span class='ocrx_word' id='word_1_67' title='bbox 373 1253 505 1339; x_wconf 83' lang='lat' dir='ltr'><strong>postulo,</strong></span> <span class='ocrx_word' id='word_1_68' title='bbox 522 1256 558 1318; x_wconf 92' lang='lat' dir='ltr'><strong>nt</strong></span> <span class='ocrx_word' id='word_1_69' title='bbox 573 1251 714 1318; x_wconf 89' lang='lat' dir='ltr'><strong>laborem</strong></span> <span class='ocrx_word' id='word_1_70' title='bbox 730 1254 873 1319; x_wconf 89' lang='lat' dir='ltr'><strong>uestrum</strong></span> <span class='ocrx_word' id='word_1_71' title='bbox 889 1254 1035 1318; x_wconf 85' lang='lat' dir='ltr'><strong>inuamen</strong></span> <span class='ocrx_word' id='word_1_72' title='bbox 1046 1252 1180 1317; x_wconf 85' lang='lat' dir='ltr'><strong>oaeleste</strong></span> <span class='ocrx_word' id='word_1_73' title='bbox 1196 1250 1370 1316; x_wconf 79' lang='lat' dir='ltr'><strong>comitetur.</strong></span> 
     </span>
    </p>
   </div>
   <div class='ocr_carea' id='block_1_3' title="bbox 744 1456 882 1523">
    <p class='ocr_par' dir='ltr' id='par_1_3' title="bbox 744 1456 882 1523">
     <span class='ocr_line' id='line_1_10' title="bbox 744 1456 882 1523; baseline -0.022 -1"><span class='ocrx_word' id='word_1_74' title='bbox 744 1456 882 1523; x_wconf 86' lang='lat' dir='ltr'>XXIIII.</span> 
     </span>
    </p>
   </div>
   <div class='ocr_carea' id='block_1_4' title="bbox 421 1608 1405 1673">
    <p class='ocr_par' dir='ltr' id='par_1_4' title="bbox 421 1608 1405 1673">
     <span class='ocr_line' id='line_1_11' title="bbox 421 1608 1405 1673; baseline -0.011 0"><span class='ocrx_word' id='word_1_75' title='bbox 421 1610 549 1673; x_wconf 73' lang='lat' dir='ltr'>DOIOEO</span> <span class='ocrx_word' id='word_1_76' title='bbox 567 1610 634 1667; x_wconf 80' lang='lat' dir='ltr'><strong>SVO</strong></span> <span class='ocrx_word' id='word_1_77' title='bbox 656 1608 794 1666; x_wconf 74' lang='lat' dir='ltr'>FAVSTO</span> <span class='ocrx_word' id='word_1_78' title='bbox 813 1609 996 1667; x_wconf 83' lang='lat' dir='ltr'>ENNODIVS</span> <span class='ocrx_word' id='word_1_79' title='bbox 1015 1610 1202 1669; x_wconf 73' lang='lat' dir='ltr'><strong>blnoottvs.</strong></span> <span class='ocrx_word' id='word_1_80' title='bbox 1383 1625 1405 1663; x_wconf 84' lang='lat' dir='ltr'><strong>ro</strong></span> 
     </span>
    </p>
   </div>
   <div class='ocr_carea' id='block_1_5' title="bbox 252 1731 1414 3155">
    <p class='ocr_par' dir='ltr' id='par_1_5' title="bbox 252 1731 1414 3155">
     <span class='ocr_line' id='line_1_12' title="bbox 296 1731 1376 1816; baseline -0.003 -16"><span class='ocrx_word' id='word_1_81' title='bbox 296 1731 498 1816; x_wconf 86' lang='lat' dir='ltr'><strong>Dispendium</strong></span> <span class='ocrx_word' id='word_1_82' title='bbox 539 1734 627 1798; x_wconf 85' lang='lat' dir='ltr'><strong>oredo</strong></span> <span class='ocrx_word' id='word_1_83' title='bbox 666 1751 733 1798; x_wconf 85' lang='lat' dir='ltr'><strong>osse</strong></span> <span class='ocrx_word' id='word_1_84' title='bbox 770 1732 951 1816; x_wconf 85' lang='lat' dir='ltr'><strong>diligentiae</strong></span> <span class='ocrx_word' id='word_1_85' title='bbox 991 1732 1092 1798; x_wconf 91' lang='lat' dir='ltr'><strong>nullas</strong></span> <span class='ocrx_word' id='word_1_86' title='bbox 1128 1733 1376 1798; x_wconf 77' lang='lat' dir='ltr'><strong>commeantium</strong></span> 
     </span>
     <span class='ocr_line' id='line_1_13' title="bbox 253 1835 1377 1918; baseline -0.001 -17"><span class='ocrx_word' id='word_1_87' title='bbox 253 1855 366 1903; x_wconf 89' lang='lat' dir='ltr'><strong>manus</strong></span> <span class='ocrx_word' id='word_1_88' title='bbox 393 1836 572 1902; x_wconf 90' lang='lat' dir='ltr'><strong>litterarum</strong></span> <span class='ocrx_word' id='word_1_89' title='bbox 592 1835 664 1901; x_wconf 83' lang='lat' dir='ltr'><strong>doto</strong></span> <span class='ocrx_word' id='word_1_90' title='bbox 685 1836 859 1915; x_wconf 83' lang='lat' dir='ltr'><strong>munerari,</strong></span> <span class='ocrx_word' id='word_1_91' title='bbox 895 1854 975 1918; x_wconf 86' lang='lat' dir='ltr'><strong>qnae</strong></span> <span class='ocrx_word' id='word_1_92' title='bbox 997 1837 1098 1902; x_wconf 88' lang='lat' dir='ltr'><strong>solent</strong></span> <span class='ocrx_word' id='word_1_93' title='bbox 1126 1836 1258 1901; x_wconf 79' lang='lat' dir='ltr'><strong>lectione</strong></span> <span class='ocrx_word' id='word_1_94' title='bbox 1278 1836 1377 1901; x_wconf 90' lang='lat' dir='ltr'><strong>etiam</strong></span> 
     </span>
     <span class='ocr_line' id='line_1_14' title="bbox 253 1938 1376 2023; baseline -0.003 -17"><span class='ocrx_word' id='word_1_95' title='bbox 253 1941 360 2006; x_wconf 87' lang='lat' dir='ltr'><strong>nultus</strong></span> <span class='ocrx_word' id='word_1_96' title='bbox 381 1940 420 2005; x_wconf 86' lang='lat' dir='ltr'><strong>ad</strong></span> <span class='ocrx_word' id='word_1_97' title='bbox 442 1940 613 2023; x_wconf 86' lang='lat' dir='ltr'><strong>longinqua</strong></span> <span class='ocrx_word' id='word_1_98' title='bbox 633 1942 758 2022; x_wconf 91' lang='lat' dir='ltr'><strong>portare</strong></span> <span class='ocrx_word' id='word_1_99' title='bbox 780 1942 811 2003; x_wconf 90' lang='lat' dir='ltr'><strong>et</strong></span> <span class='ocrx_word' id='word_1_100' title='bbox 826 1956 966 2005; x_wconf 82' lang='lat' dir='ltr'><strong>aurorum</strong></span> <span class='ocrx_word' id='word_1_101' title='bbox 988 1939 1138 2023; x_wconf 83' lang='lat' dir='ltr'><strong>imagines</strong></span> <span class='ocrx_word' id='word_1_102' title='bbox 1161 1938 1262 2004; x_wconf 82' lang='lat' dir='ltr'><strong>officio</strong></span> <span class='ocrx_word' id='word_1_103' title='bbox 1285 1958 1376 2021; x_wconf 83' lang='lat' dir='ltr'><strong>pras·</strong></span> 
     </span>
     <span class='ocr_line' id='line_1_15' title="bbox 253 2040 1378 2125; baseline 0.001 -18"><span class='ocrx_word' id='word_1_104' title='bbox 253 2044 376 2108; x_wconf 88' lang='lat' dir='ltr'><strong>sentare</strong></span> <span class='ocrx_word' id='word_1_105' title='bbox 397 2044 558 2108; x_wconf 90' lang='lat' dir='ltr'><strong>sermonis.</strong></span> <span class='ocrx_word' id='word_1_106' title='bbox 584 2043 625 2107; x_wconf 87' lang='lat' dir='ltr'><strong>ad</strong></span> <span class='ocrx_word' id='word_1_107' title='bbox 639 2042 700 2106; x_wconf 89' lang='lat' dir='ltr'><strong>ista</strong></span> <span class='ocrx_word' id='word_1_108' title='bbox 714 2041 858 2125; x_wconf 88' lang='lat' dir='ltr'><strong>iungitur</strong></span> <span class='ocrx_word' id='word_1_109' title='bbox 880 2042 976 2107; x_wconf 86' lang='lat' dir='ltr'><strong>etiam</strong></span> <span class='ocrx_word' id='word_1_110' title='bbox 996 2040 1075 2106; x_wconf 89' lang='lat' dir='ltr'><strong>bene</strong></span> <span class='ocrx_word' id='word_1_111' title='bbox 1098 2041 1135 2107; x_wconf 84' lang='lat' dir='ltr'><strong>de</strong></span> <span class='ocrx_word' id='word_1_112' title='bbox 1156 2042 1298 2125; x_wconf 86' lang='lat' dir='ltr'><strong>utrisque</strong></span> <span class='ocrx_word' id='word_1_113' title='bbox 1313 2062 1378 2108; x_wconf 86' lang='lat' dir='ltr'><strong>me-</strong></span> 
     </span>
     <span class='ocr_line' id='line_1_16' title="bbox 252 2142 1408 2241; baseline -0.004 -31"><span class='ocrx_word' id='word_1_114' title='bbox 252 2146 351 2211; x_wconf 86' lang='lat' dir='ltr'><strong>rentis</strong></span> <span class='ocrx_word' id='word_1_115' title='bbox 372 2142 591 2241; x_wconf 80' lang='lat' dir='ltr'><strong>sublimissimi</strong></span> <span class='ocrx_word' id='word_1_116' title='bbox 612 2144 773 2211; x_wconf 73' lang='lat' dir='ltr'><strong>luminosi</strong></span> <span class='ocrx_word' id='word_1_117' title='bbox 794 2146 951 2229; x_wconf 84' lang='lat' dir='ltr'><strong>portitoris</strong></span> <span class='ocrx_word' id='word_1_118' title='bbox 975 2145 1110 2225; x_wconf 79' lang='lat' dir='ltr'><strong>ortasio,</strong></span> <span class='ocrx_word' id='word_1_119' title='bbox 1150 2146 1203 2227; x_wconf 91' lang='lat' dir='ltr'><strong>qni</strong></span> <span class='ocrx_word' id='word_1_120' title='bbox 1226 2145 1267 2209; x_wconf 87' lang='lat' dir='ltr'><strong>ad</strong></span> <span class='ocrx_word' id='word_1_121' title='bbox 1298 2146 1408 2211; x_wconf 76' lang='lat' dir='ltr'><strong>reli-a</strong></span> 
     </span>
     <span class='ocr_line' id='line_1_17' title="bbox 254 2247 1377 2333; baseline -0.002 -20"><span class='ocrx_word' id='word_1_122' title='bbox 254 2248 379 2333; x_wconf 84' lang='lat' dir='ltr'><strong>gionern</strong></span> <span class='ocrx_word' id='word_1_123' title='bbox 410 2248 593 2313; x_wconf 88' lang='lat' dir='ltr'><strong>meritorum</strong></span> <span class='ocrx_word' id='word_1_124' title='bbox 625 2248 800 2313; x_wconf 88' lang='lat' dir='ltr'><strong>uestrorum</strong></span> <span class='ocrx_word' id='word_1_125' title='bbox 833 2267 905 2313; x_wconf 87' lang='lat' dir='ltr'><strong>suae</strong></span> <span class='ocrx_word' id='word_1_126' title='bbox 948 2266 1067 2330; x_wconf 88' lang='lat' dir='ltr'><strong>quoque</strong></span> <span class='ocrx_word' id='word_1_127' title='bbox 1101 2248 1221 2330; x_wconf 83' lang='lat' dir='ltr'><strong>gratiae</strong></span> <span class='ocrx_word' id='word_1_128' title='bbox 1250 2247 1377 2313; x_wconf 79' lang='lat' dir='ltr'><strong>fruetus</strong></span> 
     </span>
     <span class='ocr_line' id='line_1_18' title="bbox 253 2350 1378 2436; baseline 0.001 -21"><span class='ocrx_word' id='word_1_129' title='bbox 253 2350 406 2436; x_wconf 82' lang='lat' dir='ltr'><strong>adiungit.</strong></span> <span class='ocrx_word' id='word_1_130' title='bbox 429 2351 498 2434; x_wconf 89' lang='lat' dir='ltr'><strong>quis</strong></span> <span class='ocrx_word' id='word_1_131' title='bbox 514 2350 658 2433; x_wconf 80' lang='lat' dir='ltr'><strong>geminus</strong></span> <span class='ocrx_word' id='word_1_132' title='bbox 672 2354 810 2433; x_wconf 88' lang='lat' dir='ltr'><strong>patiatur</strong></span> <span class='ocrx_word' id='word_1_133' title='bbox 832 2355 868 2417; x_wconf 90' lang='lat' dir='ltr'><strong>nt</strong></span> <span class='ocrx_word' id='word_1_134' title='bbox 890 2350 946 2416; x_wconf 91' lang='lat' dir='ltr'><strong>snb</strong></span> <span class='ocrx_word' id='word_1_135' title='bbox 962 2368 1155 2434; x_wconf 76' lang='lat' dir='ltr'><strong>quatumque</strong></span> <span class='ocrx_word' id='word_1_136' title='bbox 1178 2352 1378 2436; x_wconf 83' lang='lat' dir='ltr'><strong>neglegentis</strong></span> 
     </span>
     <span class='ocr_line' id='line_1_19' title="bbox 254 2454 1379 2538; baseline 0.001 -17"><span class='ocrx_word' id='word_1_137' title='bbox 254 2455 418 2521; x_wconf 87' lang='lat' dir='ltr'><strong>hebetetur</strong></span> <span class='ocrx_word' id='word_1_138' title='bbox 432 2454 571 2533; x_wconf 75' lang='lat' dir='ltr'><strong>affectus,</strong></span> <span class='ocrx_word' id='word_1_139' title='bbox 594 2454 621 2518; x_wconf 90' lang='lat' dir='ltr'><strong>si</strong></span> <span class='ocrx_word' id='word_1_140' title='bbox 644 2472 663 2519; x_wconf 95' lang='lat' dir='ltr'><strong>a</strong></span> <span class='ocrx_word' id='word_1_141' title='bbox 677 2455 800 2538; x_wconf 85' lang='lat' dir='ltr'><strong>paginis</strong></span> <span class='ocrx_word' id='word_1_142' title='bbox 814 2455 997 2537; x_wconf 83' lang='lat' dir='ltr'><strong>temperem,</strong></span> <span class='ocrx_word' id='word_1_143' title='bbox 1020 2472 1096 2538; x_wconf 86' lang='lat' dir='ltr'><strong>quas</strong></span> <span class='ocrx_word' id='word_1_144' title='bbox 1113 2456 1253 2537; x_wconf 84' lang='lat' dir='ltr'><strong>dignatio</strong></span> <span class='ocrx_word' id='word_1_145' title='bbox 1269 2460 1379 2521; x_wconf 76' lang='lat' dir='ltr'><strong>nestra</strong></span> 
     </span>
     <span class='ocr_line' id='line_1_20' title="bbox 254 2556 1380 2644; baseline 0.001 -20"><span class='ocrx_word' id='word_1_146' title='bbox 254 2560 357 2641; x_wconf 80' lang='lat' dir='ltr'><strong>erigit,</strong></span> <span class='ocrx_word' id='word_1_147' title='bbox 381 2562 414 2624; x_wconf 89' lang='lat' dir='ltr'><strong>et</strong></span> <span class='ocrx_word' id='word_1_148' title='bbox 431 2560 456 2623; x_wconf 91' lang='lat' dir='ltr'><strong>si</strong></span> <span class='ocrx_word' id='word_1_149' title='bbox 472 2558 544 2623; x_wconf 89' lang='lat' dir='ltr'><strong>illas</strong></span> <span class='ocrx_word' id='word_1_150' title='bbox 567 2556 745 2622; x_wconf 86' lang='lat' dir='ltr'><strong>nominatos</strong></span> <span class='ocrx_word' id='word_1_151' title='bbox 761 2573 822 2622; x_wconf 93' lang='lat' dir='ltr'><strong>non</strong></span> <span class='ocrx_word' id='word_1_152' title='bbox 836 2557 970 2640; x_wconf 87' lang='lat' dir='ltr'><strong>aooipiat</strong></span> <span class='ocrx_word' id='word_1_153' title='bbox 984 2556 1208 2639; x_wconf 79' lang='lat' dir='ltr'><strong>perferendas?</strong></span> <span class='ocrx_word' id='word_1_154' title='bbox 1231 2561 1287 2624; x_wconf 83' lang='lat' dir='ltr'><strong>deo</strong></span> <span class='ocrx_word' id='word_1_155' title='bbox 1303 2578 1380 2644; x_wconf 85' lang='lat' dir='ltr'><strong>gra·</strong></span> 
     </span>
     <span class='ocr_line' id='line_1_21' title="bbox 252 2660 1414 2744; baseline 0.002 -17"><span class='ocrx_word' id='word_1_156' title='bbox 252 2663 329 2742; x_wconf 81' lang='lat' dir='ltr'><strong>tias,</strong></span> <span class='ocrx_word' id='word_1_157' title='bbox 367 2661 448 2744; x_wconf 90' lang='lat' dir='ltr'><strong>qnod</strong></span> <span class='ocrx_word' id='word_1_158' title='bbox 474 2662 508 2725; x_wconf 92' lang='lat' dir='ltr'><strong>in</strong></span> <span class='ocrx_word' id='word_1_159' title='bbox 538 2660 639 2724; x_wconf 84' lang='lat' dir='ltr'><strong>fronte</strong></span> <span class='ocrx_word' id='word_1_160' title='bbox 667 2660 817 2741; x_wconf 85' lang='lat' dir='ltr'><strong>epistulae</strong></span> <span class='ocrx_word' id='word_1_161' title='bbox 839 2660 1005 2725; x_wconf 88' lang='lat' dir='ltr'><strong>looendum</strong></span> <span class='ocrx_word' id='word_1_162' title='bbox 1031 2660 1112 2737; x_wconf 72' lang='lat' dir='ltr'><strong>luit,</strong></span> <span class='ocrx_word' id='word_1_163' title='bbox 1147 2660 1219 2743; x_wconf 84' lang='lat' dir='ltr'><strong>qnia</strong></span> <span class='ocrx_word' id='word_1_164' title='bbox 1241 2662 1414 2729; x_wconf 77' lang='lat' dir='ltr'><strong>feneitasn</strong></span> 
     </span>
     <span class='ocr_line' id='line_1_22' title="bbox 254 2761 1379 2847; baseline 0.001 -17"><span class='ocrx_word' id='word_1_165' title='bbox 254 2768 359 2830; x_wconf 88' lang='lat' dir='ltr'><strong>nestra</strong></span> <span class='ocrx_word' id='word_1_166' title='bbox 380 2765 495 2830; x_wconf 88' lang='lat' dir='ltr'><strong>uotiuis</strong></span> <span class='ocrx_word' id='word_1_167' title='bbox 517 2764 650 2847; x_wconf 86' lang='lat' dir='ltr'><strong>erigitur</strong></span> <span class='ocrx_word' id='word_1_168' title='bbox 672 2766 764 2828; x_wconf 87' lang='lat' dir='ltr'><strong>aneta</strong></span> <span class='ocrx_word' id='word_1_169' title='bbox 786 2761 987 2842; x_wconf 79' lang='lat' dir='ltr'><strong>successibus,</strong></span> <span class='ocrx_word' id='word_1_170' title='bbox 1012 2766 1092 2845; x_wconf 90' lang='lat' dir='ltr'><strong>quod</strong></span> <span class='ocrx_word' id='word_1_171' title='bbox 1115 2766 1236 2829; x_wconf 90' lang='lat' dir='ltr'><strong>tumida</strong></span> <span class='ocrx_word' id='word_1_172' title='bbox 1265 2765 1379 2831; x_wconf 91' lang='lat' dir='ltr'><strong>inimi-</strong></span> 
     </span>
     <span class='ocr_line' id='line_1_23' title="bbox 253 2866 1380 2952; baseline 0.002 -19"><span class='ocrx_word' id='word_1_173' title='bbox 253 2886 358 2935; x_wconf 92' lang='lat' dir='ltr'><strong>oorum</strong></span> <span class='ocrx_word' id='word_1_174' title='bbox 379 2866 623 2934; x_wconf 75' lang='lat' dir='ltr'><strong>pernix-Christo</strong></span> <span class='ocrx_word' id='word_1_175' title='bbox 644 2870 700 2934; x_wconf 86' lang='lat' dir='ltr'><strong>teo</strong></span> <span class='ocrx_word' id='word_1_176' title='bbox 722 2872 829 2932; x_wconf 90' lang='lat' dir='ltr'><strong>nostro</strong></span> <span class='ocrx_word' id='word_1_177' title='bbox 850 2870 983 2949; x_wconf 76' lang='lat' dir='ltr'><strong>grauata</strong></span> <span class='ocrx_word' id='word_1_178' title='bbox 1004 2866 1191 2935; x_wconf 83' lang='lat' dir='ltr'><strong>subcumbit.</strong></span> <span class='ocrx_word' id='word_1_179' title='bbox 1214 2886 1269 2951; x_wconf 90' lang='lat' dir='ltr'><strong>spo</strong></span> <span class='ocrx_word' id='word_1_180' title='bbox 1286 2889 1380 2952; x_wconf 84' lang='lat' dir='ltr'><strong>prae-</strong></span> 
     </span>
     <span class='ocr_line' id='line_1_24' title="bbox 254 2970 1381 3055; baseline 0.001 -19"><span class='ocrx_word' id='word_1_181' title='bbox 254 2988 394 3055; x_wconf 83' lang='lat' dir='ltr'><strong>ceperam</strong></span> <span class='ocrx_word' id='word_1_182' title='bbox 416 2970 495 3053; x_wconf 86' lang='lat' dir='ltr'><strong>quod</strong></span> <span class='ocrx_word' id='word_1_183' title='bbox 518 2970 645 3035; x_wconf 82' lang='lat' dir='ltr'><strong>effeetus</strong></span> <span class='ocrx_word' id='word_1_184' title='bbox 663 2970 809 3035; x_wconf 88' lang='lat' dir='ltr'><strong>ostendit.</strong></span> <span class='ocrx_word' id='word_1_185' title='bbox 833 2970 911 3035; x_wconf 90' lang='lat' dir='ltr'><strong>bene</strong></span> <span class='ocrx_word' id='word_1_186' title='bbox 927 2971 1011 3037; x_wconf 88' lang='lat' dir='ltr'><strong>enim</strong></span> <span class='ocrx_word' id='word_1_187' title='bbox 1032 2971 1205 3036; x_wconf 86' lang='lat' dir='ltr'><strong>sententiae</strong></span> <span class='ocrx_word' id='word_1_188' title='bbox 1228 2972 1381 3043; x_wconf 80' lang='lat' dir='ltr'><strong>caelestis</strong></span> 
     </span>
     <span class='ocr_line' id='line_1_25' title="bbox 252 3071 1380 3155; baseline 0 -16"><span class='ocrx_word' id='word_1_189' title='bbox 252 3072 347 3139; x_wconf 89' lang='lat' dir='ltr'><strong>finem</strong></span> <span class='ocrx_word' id='word_1_190' title='bbox 357 3074 532 3155; x_wconf 79' lang='lat' dir='ltr'><strong>praenoscit</strong></span> <span class='ocrx_word' id='word_1_191' title='bbox 543 3074 596 3154; x_wconf 91' lang='lat' dir='ltr'><strong>qui</strong></span> <span class='ocrx_word' id='word_1_192' title='bbox 608 3072 695 3139; x_wconf 85' lang='lat' dir='ltr'><strong>nouit</strong></span> <span class='ocrx_word' id='word_1_193' title='bbox 707 3071 889 3154; x_wconf 81' lang='lat' dir='ltr'><strong>qualitatem</strong></span> <span class='ocrx_word' id='word_1_194' title='bbox 902 3073 967 3139; x_wconf 90' lang='lat' dir='ltr'><strong>eius</strong></span> <span class='ocrx_word' id='word_1_195' title='bbox 978 3075 1015 3139; x_wconf 88' lang='lat' dir='ltr'><strong>de</strong></span> <span class='ocrx_word' id='word_1_196' title='bbox 1028 3074 1155 3139; x_wconf 80' lang='lat' dir='ltr'><strong>artuum</strong></span> <span class='ocrx_word' id='word_1_197' title='bbox 1166 3071 1380 3139; x_wconf 91' lang='lat' dir='ltr'><strong>bumanorum</strong></span> 
     </span>
    </p>
   </div>
   <div class='ocr_carea' id='block_1_6' title="bbox 253 3326 1310 3567">
    <p class='ocr_par' dir='ltr' id='par_1_6' title="bbox 253 3326 1310 3567">
     <span class='ocr_line' id='line_1_26' title="bbox 304 3326 1310 3433; baseline 0.008 -18"><span class='ocrx_word' id='word_1_198' title='bbox 304 3326 456 3416; x_wconf 58' lang='lat' dir='ltr'><strong>2⁸¹I⁸dserit</strong></span> <span class='ocrx_word' id='word_1_199' title='bbox 477 3363 509 3428; x_wconf 89' lang='lat' dir='ltr'><strong>V,</strong></span> <span class='ocrx_word' id='word_1_200' title='bbox 526 3363 624 3417; x_wconf 86' lang='lat' dir='ltr'><strong>asserit</strong></span> <span class='ocrx_word' id='word_1_201' title='bbox 640 3363 703 3416; x_wconf 85' lang='lat' dir='ltr'><strong>aliis</strong></span> <span class='ocrx_word' id='word_1_202' title='bbox 723 3365 749 3417; x_wconf 82' lang='grc' dir='ltr'><strong><em>Τ</em></strong></span> <span class='ocrx_word' id='word_1_203' title='bbox 837 3366 989 3433; x_wconf 86' lang='lat' dir='ltr'><strong>3prestare</strong></span> <span class='ocrx_word' id='word_1_204' title='bbox 1005 3365 1034 3420; x_wconf 88' lang='lat' dir='ltr'><em>B</em></span> <span class='ocrx_word' id='word_1_205' title='bbox 1120 3365 1260 3422; x_wconf 81' lang='lat' dir='ltr'><strong>badiuuit</strong></span> <span class='ocrx_word' id='word_1_206' title='bbox 1279 3369 1310 3423; x_wconf 89' lang='lat' dir='ltr'><em>B</em></span> 
     </span>
     <span class='ocr_line' id='line_1_27' title="bbox 253 3480 747 3567; baseline 0.002 -30"><span class='ocrx_word' id='word_1_207' title='bbox 253 3480 403 3537; x_wconf 74' lang='lat' dir='ltr'><strong>Gindieate</strong></span> <span class='ocrx_word' id='word_1_208' title='bbox 421 3481 458 3535; x_wconf 69' lang='grc' dir='ltr'><strong>Τ*</strong></span> <span class='ocrx_word' id='word_1_209' title='bbox 561 3482 747 3567; x_wconf 73' lang='lat' dir='ltr'><strong>8postploV</strong></span> 
     </span>
    </p>
   </div>
   <div class='ocr_carea' id='block_1_7' title="bbox 252 3584 1390 3952">
    <p class='ocr_par' dir='ltr' id='par_1_7' title="bbox 252 3584 1390 3952">
     <span class='ocr_line' id='line_1_28' title="bbox 303 3584 1387 3665; baseline 0.007 -8"><span class='ocrx_word' id='word_1_210' title='bbox 303 3600 423 3657; x_wconf 81' lang='lat' dir='ltr'>XXIIII.</span> <span class='ocrx_word' id='word_1_211' title='bbox 461 3603 494 3657; x_wconf 90' lang='grc'><strong>10</strong></span> <span class='ocrx_word' id='word_1_212' title='bbox 511 3601 618 3657; x_wconf 91' lang='lat' dir='ltr'><strong>domiuo</strong></span> <span class='ocrx_word' id='word_1_213' title='bbox 637 3604 664 3657; x_wconf 88' lang='lat' dir='ltr'><strong><em>L</em></strong></span> <span class='ocrx_word' id='word_1_214' title='bbox 766 3606 855 3661; x_wconf 82' lang='lat' dir='ltr'><strong>lausto</strong></span> <span class='ocrx_word' id='word_1_215' title='bbox 872 3608 1000 3663; x_wconf 52' lang='lat' dir='ltr'><strong>imur]</strong></span> <span class='ocrx_word' id='word_1_216' title='bbox 1107 3611 1138 3664; x_wconf 93' lang='lat' dir='ltr'><strong>ll</strong></span> <span class='ocrx_word' id='word_1_217' title='bbox 1157 3610 1232 3663; x_wconf 89' lang='lat' dir='ltr'><strong>nulla</strong></span> <span class='ocrx_word' id='word_1_218' title='bbox 1249 3584 1387 3665; x_wconf 53' lang='lat' dir='ltr'><strong>momme-</strong></span> 
     </span>
     <span class='ocr_line' id='line_1_29' title="bbox 252 3694 1387 3772; baseline 0.006 -21"><span class='ocrx_word' id='word_1_219' title='bbox 252 3696 358 3751; x_wconf 89' lang='lat' dir='ltr'><strong>antium</strong></span> <span class='ocrx_word' id='word_1_220' title='bbox 375 3694 403 3749; x_wconf 91' lang='lat' dir='ltr'><em>B</em></span> <span class='ocrx_word' id='word_1_221' title='bbox 507 3696 540 3750; x_wconf 83' lang='lat'><strong>13</strong></span> <span class='ocrx_word' id='word_1_222' title='bbox 556 3701 709 3765; x_wconf 87' lang='lat' dir='ltr'><strong>presentare</strong></span> <span class='ocrx_word' id='word_1_223' title='bbox 728 3698 782 3755; x_wconf 84' lang='lat' dir='ltr'><strong>TV</strong></span> <span class='ocrx_word' id='word_1_224' title='bbox 882 3700 915 3757; x_wconf 80' lang='lat'><strong>14</strong></span> <span class='ocrx_word' id='word_1_225' title='bbox 935 3700 967 3755; x_wconf 86' lang='lat' dir='ltr'><strong>de</strong></span> <span class='ocrx_word' id='word_1_226' title='bbox 985 3716 1035 3757; x_wconf 85' lang='lat' dir='ltr'><strong>om.</strong></span> <span class='ocrx_word' id='word_1_227' title='bbox 1057 3702 1082 3754; x_wconf 84' lang='grc' dir='ltr'><em>Τ</em></span> <span class='ocrx_word' id='word_1_228' title='bbox 1183 3704 1327 3772; x_wconf 85' lang='lat' dir='ltr'><strong>utrisquae</strong></span> <span class='ocrx_word' id='word_1_229' title='bbox 1347 3704 1387 3767; x_wconf 86' lang='lat' dir='ltr'><strong>B,</strong></span> 
     </span>
     <span class='ocr_line' id='line_1_30' title="bbox 252 3790 1390 3865; baseline 0.008 -20"><span class='ocrx_word' id='word_1_230' title='bbox 252 3790 393 3860; x_wconf 82' lang='lat' dir='ltr'><strong>utriusqus</strong></span> <span class='ocrx_word' id='word_1_231' title='bbox 410 3790 459 3844; x_wconf 90' lang='lat' dir='ltr'><strong>Pb</strong></span> <span class='ocrx_word' id='word_1_232' title='bbox 560 3796 690 3847; x_wconf 82' lang='lat' dir='ltr'><strong>merentes</strong></span> <span class='ocrx_word' id='word_1_233' title='bbox 708 3795 737 3849; x_wconf 85' lang='lat' dir='ltr'><strong><em>B</em></strong></span> <span class='ocrx_word' id='word_1_234' title='bbox 849 3796 881 3849; x_wconf 87' lang='lat' dir='ltr'><strong>lb</strong></span> <span class='ocrx_word' id='word_1_235' title='bbox 898 3797 998 3851; x_wconf 77' lang='lat' dir='ltr'><strong>oeeasio</strong></span> <span class='ocrx_word' id='word_1_236' title='bbox 1016 3795 1053 3851; x_wconf 73' lang='lat' dir='ltr'><strong>Ir&#39;</strong></span> <span class='ocrx_word' id='word_1_237' title='bbox 1159 3796 1190 3850; x_wconf 80' lang='lat' dir='ltr'><strong>ll</strong></span> <span class='ocrx_word' id='word_1_238' title='bbox 1209 3797 1338 3865; x_wconf 76' lang='lat' dir='ltr'><strong>gemiuos</strong></span> <span class='ocrx_word' id='word_1_239' title='bbox 1359 3800 1390 3853; x_wconf 90' lang='lat' dir='ltr'><strong><em>B</em></strong></span> 
     </span>
     <span class='ocr_line' id='line_1_31' title="bbox 257 3874 1314 3952; baseline 0.007 -21"><span class='ocrx_word' id='word_1_240' title='bbox 257 3876 301 3943; x_wconf 60' lang='grc' dir='ltr'><strong>γ’,</strong></span> <span class='ocrx_word' id='word_1_241' title='bbox 328 3874 427 3945; x_wconf 74' lang='lat' dir='ltr'><strong>gemin&#39;</strong></span> <span class='ocrx_word' id='word_1_242' title='bbox 446 3876 472 3930; x_wconf 80' lang='grc' dir='ltr'><em>Τ</em></span> <span class='ocrx_word' id='word_1_243' title='bbox 496 3874 554 3943; x_wconf 78' lang='lat' dir='ltr'><strong>(seo</strong></span> <span class='ocrx_word' id='word_1_244' title='bbox 574 3878 608 3933; x_wconf 77' lang='lat' dir='ltr'><strong>ie</strong></span> <span class='ocrx_word' id='word_1_245' title='bbox 624 3895 674 3949; x_wconf 73' lang='lat' dir='ltr'><strong>mo.</strong></span> <span class='ocrx_word' id='word_1_246' title='bbox 691 3880 782 3948; x_wconf 68' lang='lat' dir='ltr'><strong>genio,</strong></span> <span class='ocrx_word' id='word_1_247' title='bbox 807 3881 936 3950; x_wconf 79' lang='lat' dir='ltr'><strong>geninsb</strong></span> <span class='ocrx_word' id='word_1_248' title='bbox 1046 3882 1213 3952; x_wconf 72' lang='lat' dir='ltr'><strong>negligentia</strong></span> <span class='ocrx_word' id='word_1_249' title='bbox 1239 3882 1314 3937; x_wconf 86' lang='lat' dir='ltr'><strong>B¹T</strong></span> 
     </span>
    </p>
   </div>
   <div class='ocr_carea' id='block_1_8' title="bbox 252 3967 1391 4326">
    <p class='ocr_par' dir='ltr' id='par_1_8' title="bbox 252 3967 1389 4157">
     <span class='ocr_line' id='line_1_32' title="bbox 256 3967 1389 4066; baseline 0.009 -15"><span class='ocrx_word' id='word_1_250' title='bbox 256 4000 288 4051; x_wconf 84' lang='lat'><strong>18</strong></span> <span class='ocrx_word' id='word_1_251' title='bbox 310 3996 468 4052; x_wconf 61' lang='lat' dir='ltr'><strong>numam</strong></span> <span class='ocrx_word' id='word_1_252' title='bbox 490 3996 537 4065; x_wconf 70' lang='lat' dir='ltr'><strong>m,</strong></span> <span class='ocrx_word' id='word_1_253' title='bbox 564 3967 673 4055; x_wconf 69' lang='lat' dir='ltr'><strong>neuim</strong></span> <span class='ocrx_word' id='word_1_254' title='bbox 696 4002 737 4066; x_wconf 83' lang='lat' dir='ltr'><strong>n,</strong></span> <span class='ocrx_word' id='word_1_255' title='bbox 759 3999 898 4056; x_wconf 69' lang='lat' dir='ltr'><strong>moratus</strong></span> <span class='ocrx_word' id='word_1_256' title='bbox 919 4002 939 4056; x_wconf 82' lang='lat' dir='ltr'><strong>a</strong></span> <span class='ocrx_word' id='word_1_257' title='bbox 1046 4000 1156 4057; x_wconf 68' lang='lat' dir='ltr'><strong>anesus</strong></span> <span class='ocrx_word' id='word_1_258' title='bbox 1182 4004 1207 4057; x_wconf 81' lang='lat' dir='ltr'><strong>r</strong></span> <span class='ocrx_word' id='word_1_259' title='bbox 1311 4008 1389 4060; x_wconf 63' lang='lat' dir='ltr'><strong>um-</strong></span> 
     </span>
     <span class='ocr_line' id='line_1_33' title="bbox 252 4083 1315 4157; baseline 0.009 -20"><span class='ocrx_word' id='word_1_260' title='bbox 252 4084 354 4152; x_wconf 84' lang='lat' dir='ltr'><strong>poriem</strong></span> <span class='ocrx_word' id='word_1_261' title='bbox 371 4083 438 4139; x_wconf 85' lang='lat' dir='ltr'><strong>LV¹</strong></span> <span class='ocrx_word' id='word_1_262' title='bbox 537 4084 570 4139; x_wconf 83' lang='grc'><strong>19</strong></span> <span class='ocrx_word' id='word_1_263' title='bbox 586 4086 737 4141; x_wconf 72' lang='lat' dir='ltr'><strong>nominatae</strong></span> <span class='ocrx_word' id='word_1_264' title='bbox 759 4086 793 4140; x_wconf 63' lang='grc' dir='ltr'><strong>γ’</strong></span> <span class='ocrx_word' id='word_1_265' title='bbox 895 4088 929 4143; x_wconf 74' lang='grc'><strong>21</strong></span> <span class='ocrx_word' id='word_1_266' title='bbox 947 4088 1063 4157; x_wconf 70' lang='lat' dir='ltr'><strong>eregitor</strong></span> <span class='ocrx_word' id='word_1_267' title='bbox 1079 4088 1108 4145; x_wconf 83' lang='lat' dir='ltr'><em>B</em></span> <span class='ocrx_word' id='word_1_268' title='bbox 1204 4092 1264 4145; x_wconf 79' lang='lat' dir='ltr'><strong>eote</strong></span> <span class='ocrx_word' id='word_1_269' title='bbox 1284 4092 1315 4147; x_wconf 81' lang='grc' dir='ltr'><strong><em>Τ</em></strong></span> 
     </span>
    </p>

    <p class='ocr_par' dir='ltr' id='par_1_9' title="bbox 252 4167 1391 4326">
     <span class='ocr_line' id='line_1_34' title="bbox 252 4167 1391 4244; baseline 0.011 -22"><span class='ocrx_word' id='word_1_270' title='bbox 252 4167 287 4223; x_wconf 82' lang='grc'><strong>22</strong></span> <span class='ocrx_word' id='word_1_271' title='bbox 304 4173 394 4223; x_wconf 83' lang='lat' dir='ltr'><strong>nostro</strong></span> <span class='ocrx_word' id='word_1_272' title='bbox 410 4171 516 4239; x_wconf 74' lang='lat' dir='ltr'><strong>abripui,</strong></span> <span class='ocrx_word' id='word_1_273' title='bbox 535 4186 589 4225; x_wconf 86' lang='lat' dir='ltr'><strong>uon</strong></span> <span class='ocrx_word' id='word_1_274' title='bbox 605 4172 738 4239; x_wconf 68' lang='lat' dir='ltr'><strong>burto,</strong></span> <span class='ocrx_word' id='word_1_275' title='bbox 756 4190 826 4229; x_wconf 86' lang='lat' dir='ltr'><strong>nuno</strong></span> <span class='ocrx_word' id='word_1_276' title='bbox 843 4175 872 4229; x_wconf 92' lang='lat' dir='ltr'><strong><em>P</em></strong></span> <span class='ocrx_word' id='word_1_277' title='bbox 964 4174 1141 4244; x_wconf 82' lang='lat' dir='ltr'><strong>praseiperam</strong></span> <span class='ocrx_word' id='word_1_278' title='bbox 1159 4174 1188 4229; x_wconf 88' lang='grc' dir='ltr'><strong><em>Β</em></strong></span> <span class='ocrx_word' id='word_1_279' title='bbox 1286 4177 1328 4233; x_wconf 82' lang='grc'><strong>23</strong></span> <span class='ocrx_word' id='word_1_280' title='bbox 1348 4181 1391 4234; x_wconf 84' lang='lat' dir='ltr'><strong>ei-</strong></span> 
     </span>
     <span class='ocr_line' id='line_1_35' title="bbox 252 4254 928 4326; baseline 0.012 -18"><span class='ocrx_word' id='word_1_281' title='bbox 252 4254 339 4309; x_wconf 81' lang='lat' dir='ltr'><strong>feotur</strong></span> <span class='ocrx_word' id='word_1_282' title='bbox 357 4258 415 4323; x_wconf 83' lang='lat' dir='ltr'><strong>(pr.</strong></span> <span class='ocrx_word' id='word_1_283' title='bbox 433 4271 448 4310; x_wconf 91' lang='lat' dir='ltr'><strong>e</strong></span> <span class='ocrx_word' id='word_1_284' title='bbox 465 4258 497 4311; x_wconf 79' lang='lat' dir='ltr'><strong>in</strong></span> <span class='ocrx_word' id='word_1_285' title='bbox 514 4260 581 4326; x_wconf 81' lang='lat' dir='ltr'><strong>ros.)</strong></span> <span class='ocrx_word' id='word_1_286' title='bbox 599 4258 625 4311; x_wconf 90' lang='lat' dir='ltr'><em>B</em></span> <span class='ocrx_word' id='word_1_287' title='bbox 727 4260 762 4313; x_wconf 79' lang='lat'><strong>24</strong></span> <span class='ocrx_word' id='word_1_288' title='bbox 779 4263 883 4315; x_wconf 64' lang='lat' dir='ltr'><strong>arbum</strong></span> <span class='ocrx_word' id='word_1_289' title='bbox 902 4262 928 4316; x_wconf 78' lang='lat' dir='ltr'><strong>b</strong></span> 
     </span>
    </p>
   </div>
   <div class='ocr_carea' id='block_1_9' title="bbox 0 0 1472 4934">
    <p class='ocr_par' dir='ltr' id='par_1_10' title="bbox 0 0 1472 4934">
     <span class='ocr_line' id='line_1_36' title="bbox 0 0 1472 4934; baseline 0 0"><span class='ocrx_word' id='word_1_290' title='bbox 0 0 1472 4934; x_wconf 95' lang='lat' dir='ltr'><strong> </strong></span> 
     </span>
    </p>
   </div>
  </div>
 </body>
</html>
