2934 4934
554 370 669 441 idsgni
686 368 967 425 Belloio-dnnodi

690 576 830 642 XVIIII.

583 709 770 770 eunomus
788 712 935 770 FAVSTO.

240 838 412 921 Postquam
436 836 599 903 desideriis
620 839 702 903 mois
732 836 861 903 uidendi
890 851 943 902 uos
965 836 1103 904 tenuitas
1132 837 1237 920 elapsa
1267 842 1325 916 est,

198 943 314 1010 iterum
342 941 381 1011 ed
408 941 533 1010 litteras
555 958 645 1008 mess
666 942 969 1024 remitteremus
993 940 1172 1031 abiuratum
1201 958 1327 1029 poeoere
1450 960 1451 972 ¹

198 1044 341 1129 paginale
368 1043 546 1112 subsidium
574 1044 607 1112 et
636 1044 814 1130 institutam
830 1044 1022 1129 ,maiorisue
1053 1044 1152 1129 ¹oopiis
1186 1045 1362 1129 entmame

198 1151 286 1233 qnasi
313 1148 436 1218 nilioris
466 1147 532 1215 eibi
556 1146 641 1217 alere
670 1149 725 1213 aut
754 1148 931 1216 sustentare
962 1148 1145 1215 oonmereio.
1191 1164 1327 1231 oquem

197 1270 292 1335 graue
314 1254 373 1331 eet,
399 1250 543 1335 quotiens
564 1252 660 1319 uariis
683 1250 922 1320 necessitatibus
944 1243 1165 1335 obsequentem
1189 1250 1327 1335 fugitiue

198 1354 327 1421 libertae
340 1357 380 1423 ad
395 1372 476 1421 noua
489 1353 637 1424 instituta
651 1352 843 1424 manuducti
867 1372 944 1439 ques
961 1354 1040 1434 dura
1059 1355 1137 1421 sunt
1157 1354 1325 1421 continua·

198 1459 283 1525 tione
308 1458 517 1541 franguntur:
537 1456 681 1525 multum
711 1458 750 1525 do
776 1456 934 1541 grauitate
952 1458 1062 1527 oneris
1093 1476 1167 1526 usus
1192 1454 1326 1524 incidit:

197 1560 312 1628 flebilis
342 1561 480 1629 eondieio
508 1559 548 1626 ad
576 1563 684 1645 optata
706 1580 786 1647 quea
808 1580 869 1629 non
896 1562 971 1629 sunt
996 1577 1144 1628 mensura
1165 1558 1360 1643 perducitur

197 1664 296 1729 leuior
318 1682 383 1728 sore
403 1664 452 1728 est
467 1663 549 1729 euris
564 1663 689 1746 iugibus
712 1667 863 1750 omousii.
886 1666 945 1731 hoe
960 1682 1034 1734 sum
1044 1661 1200 1746 infelicior
1213 1679 1325 1749 peom-

197 1768 301 1833 torum
315 1767 409 1846 fasoe,
434 1766 516 1848 quod
537 1765 575 1830 de
597 1765 749 1832 bonarum
773 1786 877 1833 rerum
899 1786 1006 1850 sapore
1021 1766 1156 1850 gustaui.
1181 1764 1236 1829 sed
1253 1765 1327 1829 hino

198 1869 285 1936 aliae.
314 1872 370 1935 deo
393 1869 595 1950 relinquenda
617 1873 691 1934 sunt
715 1887 793 1952 queo
819 1870 953 1934 humano
985 1868 1158 1935 remedium
1182 1869 1327 1933 nesciunt

198 1973 310 2038 hebere
339 1972 476 2037 oonsilio.
500 1972 588 2037 uobis
611 1972 739 2037 interim
762 1972 970 2037 reuerentiam
993 1971 1189 2039 salutationis
1212 1974 1324 2054 inpen-

198 2074 273 2140 dens
296 2076 416 2142 reditns
438 2076 501 2142 mei
523 2076 626 2139 faeere
646 2076 765 2141 iudieie
787 2089 847 2139 nou
870 2077 969 2155 omisi,
993 2076 1117 2158 cupiens
1140 2074 1206 2156 pari
1224 2074 1360 2156 scrip-n

197 2178 291 2248 tionis
314 2180 437 2250 uestrae
461 2179 620 2247 hilaritate
641 2181 784 2250 releueri.

724 2366 792 2433 XX.

581 2503 769 2561 ennomus
788 2502 935 2564 nevere.
1006 2466 1009 2476 Δ

239 2626 404 2711 ignoratur
420 2628 569 2693 bonorum
585 2644 678 2711 sapor
699 2627 732 2691 iu
755 2628 926 2711 prosperis:
941 2626 997 2691 nir
1011 2626 1181 2693 dinoscitur
1195 2628 1325 2709 superui

196 2731 330 2813 quntitss
346 2730 498 2809 bounded,
523 2731 599 2797 dum
620 2734 762 2796 tenetur:
786 2734 856 2813 poet
879 2730 1101 2814 migrationem
1123 2727 1231 2813 mpita
1252 2731 1361 2796 dul-20

196 2838 338 2900 oeseunt:
360 2834 506 2900 desiderii
526 2836 626 2918 pretia
646 2834 681 2899 in
705 2832 853 2899 manibus
866 2830 1041 2899 eonstituta
1056 2833 1224 2897 nausimus.
1248 2850 1323 2897 uere

195 2936 310 3016 fateor,
334 2937 483 3020 quamdiu
506 2937 656 3003 meeum
676 2955 733 3002 uos
759 2936 879 3015 habuit.
905 2934 1070 3002 sinistrum
1092 2952 1182 3001 omen
1203 2934 1324 3000 credidi
1456 3008 1457 3025 χ

196 3041 334 3124 cogitare
362 3058 443 3123 quae
472 3038 575 3123 patior
600 3056 659 3105 neo
688 3042 773 3107 inter
803 3042 1024 3107 reeseonndos
1047 3040 1139 3121 quasi
1163 3038 1324 3122 malignus
1456 3038 1457 3063 l

195 3143 336 3227 propriae
348 3137 676 3226 felioitatie'interpree
692 3162 774 3226 quae
787 3162 845 3226 per
858 3144 1032 3209 absentiam
1042 3145 1181 3207 uestram
1199 3140 1323 3209 euenire

195 3245 341 3327 poterant
361 3248 526 3329 suspiraui.
563 3264 625 3312 nou
647 3246 740 3313 debui
762 3248 875 3312 merita
896 3264 974 3326 mea,
992 3247 1029 3311 ,si
1050 3246 1089 3310 ab
1112 3245 1237 3311 homine
1260 3263 1365 3311 nones

195 3364 364 3429 separarer,
380 3366 548 3432 agnoscere
562 3367 619 3414 nee
634 3347 817 3432 intellegere
830 3350 1000 3431 fugitiuum
1013 3366 1080 3413 esee
1092 3348 1174 3430 quod
1185 3350 1323 3413 seotauti

195 3455 324 3532 peooata
345 3450 516 3516 blanditur.
543 3452 598 3516 sed
628 3452 702 3533 quid
725 3453 902 3535 epistolaris
930 3451 1123 3517 oonoiunstio
1152 3451 1325 3534 eastigatae

195 3554 366 3619 terminum
388 3555 533 3621 diotionis
556 3555 699 3621 eroediti
743 3556 824 3621 ierat
846 3556 894 3621 his
923 3557 1014 3621 rebus
1045 3554 1203 3620 medelam
1232 3554 1323 3620 ouius

246 3810 364 3869 xvlm.
395 3807 600 3867 4reuortiturt
687 3811 843 3867 adiuratum
856 3811 1125 3867 Yseddenboorr.
1138 3810 1254 3867 uidete

194 3899 474 4003 sepiuntur.
487 3947 523 3990 e.
539 3946 602 4001 ree,
621 3930 761 4004 eupiunt
852 3932 1155 4000 ‹emoueemnn
1241 3932 1322 3988 sue-

194 4020 265 4077 nus
282 4018 356 4085 nm,
372 4019 491 4075 uuum
509 4020 564 4078 no
656 4020 691 4075 io
706 4020 826 4080 enutio
844 4018 940 4075 enno
1035 4018 1068 4075 14
1083 4018 1204 4089 interim]
1222 4020 1321 4078 semu

195 4106 239 4163 m
340 4106 375 4160 15
390 4104 493 4164 meon
509 4106 536 4160 n

245 4206 635 4265 xmeeeuemeeemne
729 4208 957 4264 mesenum
1052 4208 1254 4264 sesemen
1334 4219 1340 4227 ·

194 4294 333 4350 medellam
349 4294 388 4348 Βι
