2934 4934
395 343 510 414 Opnso
528 343 567 399 11.
589 341 747 399 Libellus
763 357 822 412 pro
840 341 975 414 synodo.
1181 345 1247 412 311

117 533 201 600 lium
223 531 388 600 blanditiis
415 550 478 599 non
506 531 638 615 legatur.
671 532 725 599 set
753 533 829 599 haeo
853 533 911 598 iso
931 533 1047 600 metim
1068 535 1249 616 tremuntur,

119 655 139 704 a
160 655 223 722 quo
244 636 346 722 ungis
367 637 460 720 huius
482 637 592 721 planta
618 635 786 704 deseendit

161 759 215 827 Ao
237 777 292 824 uos
310 777 361 825 mo
383 757 504 824 redusit
525 759 678 844 propositi
699 760 800 844 operis
821 776 883 823 non
898 757 1001 824 amisa
1019 757 1169 837 sontium,
1191 758 1247 842 qui

115 862 301 928 melioribus
334 859 485 928 haetenus
513 879 636 946 oporam
667 862 754 927 nolui
783 860 902 928 nauare
930 856 1137 939 sermonibus,
1171 861 1247 927 dnm

83 987 96 1028 ι
116 965 276 1052 captiuum
298 966 469 1033 orationem
491 965 590 1050 exigit
610 965 779 1051 imperiosa
792 964 971 1031 necessitas.
1006 962 1131 1030 dimotis
1145 964 1246 1030 enim':

114 1065 290 1154 'quomodo
307 1067 344 1134 de
360 1087 455 1136 eones
471 1071 522 1135 uel
544 1067 697 1152 qualitate
713 1069 779 1135 eiua
792 1065 939 1152 primitus
955 1065 1152 1145 tractabatis,
1174 1086 1247 1134 oum

113 1173 251 1239 neudum
272 1173 400 1240 haberet
421 1173 557 1257 synodus
578 1167 808 1239 firmitatem?
832 1189 850 1237 o
871 1169 1008 1237 frontem
1029 1170 1175 1238 motionis
1195 1171 1247 1236 iu-

113 1275 252 1343 mundae
274 1278 306 1343 et
328 1276 439 1343 funem
467 1275 576 1358 libelii,
604 1293 698 1360 quum
717 1293 782 1341 uou
804 1275 871 1342 solu
891 1273 1065 1341 maculauit
1086 1274 1245 1359 inperitia

115 1383 273 1446 tractatus
309 1381 408 1447 nostri
443 1379 638 1466 prouinciam
671 1384 704 1446 et
735 1381 871 1446 nanutis
904 1379 937 1445 ot
970 1379 1129 1461 quaeritis.
1172 1378 1248 1444 hino

77 1501 106 1542 ιο
114 1499 241 1548 eramus
255 1501 368 1568 nempe
382 1483 479 1565 dubii,
495 1483 577 1567 quia,
599 1481 863 1567 quomadmodum
877 1481 1052 1566 loquimini,
1075 1499 1137 1548 nou
1151 1483 1246 1547 habs·

114 1587 172 1650 bot
193 1587 327 1669 synodus
349 1584 550 1653 firmitatemz
573 1585 730 1652 transibat
747 1586 866 1670 nogotii
881 1585 1017 1669 qualitas
1032 1587 1191 1652 audituros
1212 1588 1246 1650 et

114 1690 187 1772 plus
217 1691 319 1756 edhno
347 1694 541 1758 remanserat
568 1693 602 1758 in
624 1691 801 1758 reuerentia
821 1688 957 1774 pulsati,
991 1707 1085 1773 qnam
1107 1689 1189 1754 esset
1206 1688 1245 1756 iu

114 1791 217 1858 nostri
238 1794 423 1876 integritate
445 1795 578 1878 oollegii.

160 1911 278 1978 Deinde
300 1931 355 1998 pro
379 1913 593 1998 quaestionum
618 1915 783 1979 tormentis
803 1911 1015 1978 uenerabilem
1036 1911 1244 1980 Laurentium

76 2017 146 2082 sset
168 2013 297 2082 Petrum
330 2017 486 2103 episcopos
508 2035 528 2083 e
549 2019 764 2083 communione
791 2035 891 2102 pupae
912 2035 946 2082 se
973 2018 1170 2100 suspendisse
1191 2035 1243 2083 re·

111 2119 240 2204 plicatis
264 2121 295 2185 et
324 2118 471 2204 quiequid
498 2119 637 2204 prouidit
667 2117 771 2186 oeutio
798 2123 1039 2186 oonuooatornm
1066 2121 1181 2187 duoitis
1203 2116 1244 2187 ui

114 2222 232 2286 orimen
261 2222 397 2305 inpetiti.
431 2223 536 2289 nlloue
564 2241 637 2308 orgo
665 2227 822 2306 temporo,
854 2223 929 2288 dum
952 2221 1182 2290 eelebrerentnr
1203 2220 1244 2289 ab

111 2325 162 2390 his
185 2341 276 2391 suoru
298 2323 475 2409 missarum,
499 2326 669 2392 unominis
682 2327 748 2392 eins
772 2323 1069 2392 oommemoratione
1085 2329 1243 2392 oessatnm

114 2429 188 2494 esti
210 2447 361 2512 nmquam
381 2446 437 2514 pro
460 2427 618 2494 desideriis
640 2431 753 2496 nestris
771 2431 839 2495 siue
861 2431 926 2496 ritn
949 2429 1101 2495 outholioo
1118 2431 1149 2495 et
1163 2447 1242 2496 oeno

76 2550 199 2598 rumore
231 2533 421 2616 semiplenus
449 2533 602 2600 nominati
625 2533 783 2600 antistites
806 2535 926 2600 hostius
947 2533 1152 2601 obtuleruut?
1184 2533 1243 2599 aii·

110 2633 251 2720 quando,
277 2633 358 2719 qnod
381 2635 477 2720 ospiti
499 2639 603 2704 nestro
627 2635 839 2716 adscribatur,
866 2637 952 2703 saeta
974 2642 1021 2704 ost
1042 2637 1125 2720 apud
1148 2637 1243 2702 deum

110 2737 230 2804 offensa
257 2759 313 2823 per
341 2741 478 2826 gratiam
513 2747 545 2806 et
573 2737 679 2805 extitst
713 2742 818 2806 nutrix
852 2743 964 2806 nenias
992 2743 1111 2825 peooeti
1140 2745 1243 2804 mater

111 2841 251 2910 oblatio?
273 2843 401 2908 fuorunt
423 2843 548 2926 quidem
570 2843 707 2927 eorporis
729 2846 855 2909 tautum
874 2845 1076 2909 oonuentioue
1093 2839 1241 2925 separati,

110 2963 187 3029 quos
210 2944 364 3027 loqueris,
388 2945 561 3012 animarum
583 2951 690 3012 tamen
711 2947 923 3030 praesentiam
946 2964 1008 3013 non
1028 2948 1180 3017 uiturunt.
1214 2945 1243 3010 si

160 3218 338 3278 lbtuudioiis
356 3220 400 3288 Β,·
425 3238 478 3278 non
497 3226 613 3282 utuntur
630 3221 767 3300 legatione
784 3223 850 3280 odd.
867 3225 897 3282 A
1000 3197 1127 3280 sumator
1148 3224 1174 3280 V

107 3317 125 3378 2
150 3319 234 3374 iunius
260 3315 333 3372 modi
360 3317 405 3374 Po
517 3317 651 3374 discendit
677 3319 705 3373 Β
770 3388 774 3396 ‚
816 3319 835 3373 8
860 3320 979 3377 conditio
1006 3321 1174 3394 ABLBTV
1232 3389 1235 3395 Δ

107 3413 247 3483 iopsrauu
258 3413 349 3471 Alte·
433 3415 626 3484 pemouareA,
643 3415 787 3486 munanori
799 3414 837 3482 Β,
853 3416 996 3486 parumn
1009 3433 1036 3471 eu
1127 3416 1143 3472 7
1161 3416 1240 3479 dish}

107 3508 167 3563 onis
183 3523 235 3568 ora
254 3510 282 3566 Β
385 3509 621 3568 immunditiuuit
725 3511 857 3612 sosatii]
875 3511 983 3567 ma.
1074 3510 1241 3580 proninu‘am

106 3627 225 3686 auno
295 3693 299 3700 ,
322 3603 367 3685 ni
393 3627 423 3685 n
519 3629 557 3685 ιο
579 3613 696 3700 enimus
722 3633 748 3686 s
820 3599 946 3689 meeis
968 3633 996 3689 n
1105 3635 1137 3688 ιι
1161 3623 1238 3705 ιιιι

106 3727 183 3780 turns
206 3722 235 3777 Β
337 3725 371 3780 13
393 3726 481 3783 nostri
499 3743 550 3782 om.
568 3723 632 3782 Rm
734 3727 768 3782 14
790 3728 1004 3803 pro1noetRm
1106 3725 1237 3786 torrentis

106 3817 175 3886 AB,
203 3819 336 3874 torrentes
357 3835 385 3873 m
488 3821 522 3876 15
545 3838 573 3876 oe
591 3821 616 3878 Τ
631 3821 688 3878 ut.
792 3822 942 3894 repliootua
967 3813 1026 3880 Β
1096 3825 1132 3881 16
1157 3791 1237 3899 qnid}

106 3911 172 3982 quii
199 3910 227 3966 Β
329 3911 450 3983 prouidit
476 3913 502 3968 2·
602 3919 723 3971 ounostio
750 3918 779 3972 Β
883 3917 917 3972 17
942 3919 1047 3990 ιιὶΙοΙιιι
1073 3920 1148 3987 (no
1135 3937 1170 3974 su
1185 3936 1239 3992 ouo.

107 4001 186 4068 atu>
202 4004 230 4060 Β
315 4004 352 4060 re
369 4007 574 4062 anominooius
591 4007 645 4061 i'
633 4023 730 4065 soros.
744 4025 814 4066 corr
901 4011 937 4066 28
954 4012 1111 4082 ιὶιιιιιιιιιιιι
1130 4012 1170 4068 Β

102 4099 240 4158 ntistitiu
258 4099 287 4157 Β
382 4101 417 4156 21
435 4103 535 4172 uestro]
554 4109 603 4173 spo
621 4107 649 4159 A
744 4105 780 4161 22
796 4103 902 4176 extitit]
919 4107 1025 4162 mitet
1041 4107 1121 4164 ΡΒ
1177 4122 1238 4179 pao·

103 4193 161 4248 uati
183 4193 279 4252 ueniae
303 4211 331 4249 ιιι
434 4200 648 4254 maturarunt
751 4201 798 4256 28
812 4203 926 4274 monum
949 4196 1232 4262 meroem

107 4285 140 4341 22
155 4279 336 4358 presentiuA
438 4291 594 4349 uitauernut
613 4293 650 4348 L*
1229 4308 1235 4326 '
