2934 4934
387 387 501 455 Opuee.
519 385 559 442 Π.
581 385 741 444 Libellus
758 401 817 455 pro
833 386 966 456 syuodo.
1176 389 1238 455 291

108 575 277 661 gruentem
299 573 438 644 mentua
453 573 511 644 filii
533 573 782 643 benebeuenem
804 577 910 642 umen
933 575 1069 645 eontulit
1082 576 1146 644 mm
1169 594 1242 658 pro·

107 679 249 746 musam.
288 692 371 744 nuno
394 676 469 760 quid
491 677 541 748 his
562 676 687 761 longius
709 679 911 758 inmoramur,
934 697 1007 746 aum
1027 679 1158 747 boeenbi
1180 695 1241 747 nou

108 783 176 852 sint
199 779 261 864 qui·
276 781 375 848 oaloee
391 780 531 850 stimulis
544 780 746 848 intulerunt?
769 781 887 848 usus
900 781 992 860 milri,
1015 783 1101 866 paris
1115 782 1244 852 ininiea

107 887 196 965 sunt,
219 883 437 970 inpugnatioai
459 902 527 951 non
546 889 622 950 sunt
644 883 756 952 idonea
779 903 858 967 quae
880 884 1035 968 profertis.

86 1025 99 1066 e
152 1005 214 1072 Sed
243 1008 384 1090 sequitur
416 1007 580 1072 uinculum
608 1023 680 1072 oum
708 1009 903 1092 aenigmate,
937 1007 1019 1091 quob
1048 1009 1155 1073 neseio
1183 1025 1243 1090 qua

107 1112 327 1195 repliostionis
348 1114 416 1179 arta
437 1113 607 1177 solbamus.
644 1109 812 1178 Tullianae
832 1112 917 1176 enim
939 1109 1165 1193 profunditatis
1187 1129 1243 1192 pa·

108 1213 204 1298 lagos
230 1213 362 1296 ingressi
391 1212 574 1279 oumbulam
602 1214 742 1279 nostum
775 1214 996 1296 quaestionum
1028 1213 1157 1278 flatibus
1189 1231 1243 1296 par

107 1315 242 1382 litorum
271 1317 393 1383 ineerta
423 1317 653 1384 transmittunt.
691 1318 815 1401 inqua
843 1315 949 1382 umen
971 1315 1096 1383 Christo
1119 1318 1244 1383 clauum

107 1423 238 1490 tenente
265 1423 391 1504 portum
419 1421 577 1504 ingrediar
600 1420 632 1485 et
651 1420 843 1506 singillatim
866 1421 905 1485 de
927 1419 1107 1487 turbinibus
1129 1421 1244 1488 uestris

74 1547 99 1586 10
108 1521 263 1588 uniuersa
283 1523 460 1603 dissutiam,
482 1525 647 1591 habiturus
669 1525 702 1590 in
719 1525 815 1590 dueta
831 1525 961 1590 illorum
982 1524 1168 1590 facultatem
1182 1539 1244 1588 non

109 1643 228 1694 meam.
262 1629 352 1696 aaut
373 1628 473 1692 enirn:
510 1629 556 1694 “si
576 1647 652 1694 uara
673 1630 722 1692 est
750 1627 967 1711 episeoporum
987 1627 1133 1706 alsertm
1161 1628 1244 1693 selis

110 1727 302 1813 apostolieae
326 1733 500 1814 praesulem
528 1733 683 1797 minorum
706 1749 879 1814 numquam
901 1730 1096 1796 subiaouisss
1117 1731 1244 1796 senten·

109 1835 196 1913 tiae,
228 1851 283 1900 aar
310 1835 350 1900 ad
379 1835 533 1900 iuditium
564 1834 706 1900 ‹intriata
737 1834 942 1902 eonsentioue
962 1835 1131 1917 produotas
1154 1832 1242 1898 estl'

110 1939 253 2003 multum
276 1937 401 2021 quidem
423 1955 540 2003 annosa
563 1937 615 2002 hia
637 1937 669 2000 in
693 1937 782 2002 nobis
806 1936 929 2002 laborat
950 1935 1098 2016 infautia,
1120 1937 1171 2001 oui
1191 1935 1246 2001 ille

76 2040 311 2106 restaurandus
327 2043 386 2120 est,
402 2043 455 2123 qui
471 2041 661 2106 ineluetatae
676 2040 841 2106 nobiseum
856 2058 979 2123 semper
994 2040 1116 2125 pondus
1130 2055 1244 2123 propo·

109 2143 236 2210 sitionis
267 2145 446 2226 exsuperat,
477 2161 548 2209 oum
576 2143 743 2210 manifeste
766 2161 821 2227 pro
842 2143 1057 2210 saemdotibus
1078 2161 1149 2210 anm
1170 2158 1244 2226 pro-

109 2247 209 2330 pbeta
231 2247 411 2312 elamitem:
445 2245 635 2329 numquid
657 2247 908 2332 gloriabitur
928 2247 1082 2313 securis
1106 2248 1243 2313 eontra

111 2370 198 2417 eum
227 2351 291 2433 qui
319 2354 430 2416 senat
458 2350 499 2415 in
522 2354 588 2418 aa?
611 2354 679 2417 aut
702 2352 953 2416 exaltabitur
981 2368 1089 2418 sorra
1110 2353 1245 2416 contra

110 2467 197 2522 eum
220 2453 285 2536 qui
307 2453 436 2520 trabit
466 2457 570 2520 aemi
606 2457 644 2522 ut
664 2455 706 2520 sit
727 2452 807 2522 mibi
829 2454 910 2520 illud
931 2453 1079 2538 suffragio
1101 2453 1245 2520 diuinum

76 2555 295 2624 norsoulam:
332 2557 524 2642 quomodo
559 2557 592 2624 si
626 2558 804 2624 eessauit
834 2559 1011 2635 exactor,
1045 2557 1245 2625 tributum

110 2660 301 2744 quiescit:
325 2659 382 2727 ita
404 2661 606 2730 oontriuit
628 2661 811 2728 domiuus
827 2660 1010 2727 baoulum
1026 2660 1243 2741 impiorum.

113 2762 386 2841 tribuerimus,
409 2763 491 2846 quod
513 2762 697 2845 praedixisti
719 2765 753 2828 in
775 2762 851 2841 illis,
874 2764 912 2828 ut
929 2762 1011 2829 sieut
1033 2765 1118 2828 errat
1140 2761 1245 2828 ebrius

111 2871 144 2934 et
169 2883 307 2944 uomens,
332 2867 377 2932 ita
398 2869 507 2950 pereat
530 2864 707 2934 ineredulas
730 2866 786 2948 qui
813 2864 983 2932 infideliter
1004 2865 1081 2948 agit.
1118 2864 1246 2948 propter

112 2971 171 3036 hoo
203 2969 356 3052 propheta
389 2968 479 3034 uobis
513 2968 669 3034 insultans
703 2968 871 3035 nocuerat:
908 2967 1047 3033 audite
1079 2967 1246 3033 uerbum

78 3071 280 3154 rademini,
312 3072 390 3136 uiri
417 3072 630 3137 inlusores.
668 3073 873 3155 quisquamne
904 3090 1067 3137 causarum
1097 3090 1134 3136 ex
1154 3088 1245 3154 praa·

205 3275 238 3329 1³
252 3274 294 3329 Es.
310 3275 350 3340 10,
363 3276 397 3330 15
464 3275 554 3328 wne.
569 3275 610 3340 14,
622 3275 678 3329 4.5
747 3275 783 3328 22
794 3273 939 3340 osana,
953 3275 985 3328 14
1054 3274 1144 3331 aba.
1157 3273 1200 3343 28,
1212 3274 1246 3329 14

165 3461 243 3516 liiii
267 3462 295 3516 B
399 3462 599 3531 2nunaJnem
621 3479 648 3516 m
751 3463 768 3515 5
793 3463 863 3532 um]
883 3463 911 3517 iu
938 3465 964 3518 T
1009 3477 1013 3486 ·
1066 3461 1246 3532 eaiguatsL

115 3548 172 3616 TV,
201 3549 335 3620 uigente
352 3549 380 3606 B
488 3549 503 3604 7
523 3549 668 3608 onubalam
685 3548 777 3616 BLV,
804 3550 927 3608 aarum
945 3551 977 3614 Τ,
994 3549 1109 3606 oonbnla
1122 3552 1164 3614 A,
1189 3563 1246 3602 am·

115 3636 208 3692 balam
222 3635 263 3702 R,
295 3637 418 3708 eopulam
436 3635 497 3704 Po,
525 3635 627 3691 bullam
646 3652 673 3692 ss
783 3637 914 3707 noemam]
932 3639 1055 3694 nomram
1073 3633 1246 3690 smribtatem

115 3721 181 3778 ΔΨ
201 3723 244 3786 (ira
253 3724 325 3794 laq),
353 3723 462 3776 nostrae
474 3720 631 3778 sterilitatis
650 3719 709 3780 Rm
798 3722 958 3779 8littorum
979 3721 1011 3787 T,
1040 3721 1123 3778 litora
1144 3720 1178 3775 V¹

114 3809 252 3862 ilteuente
263 3806 473 3876 gubernaculum
486 3807 512 3860 A
605 3807 757 3877 singilatim
770 3809 806 3875 L,
830 3807 975 3879 sigillatim
988 3807 1062 3864 Pro
1096 3867 1104 3884 ⁴
1157 3805 1246 3862 13da·

115 3896 212 3949 striata
229 3891 257 3948 B
355 3891 500 3963 perductus
519 3895 604 3950 sam
708 3895 742 3950 14
758 3893 823 3950 hine
839 3895 928 3952 Aram
1025 3894 1102 3949 uobis
1124 3893 1178 3948 Tm

115 3981 148 4036 16
164 3981 274 4050 prelata
291 3979 345 4035 BL
446 3981 477 4035 17
495 3979 632 4036 elamitem
651 3981 772 4048 (itams’sa
783 3981 976 4052 ms.m.2)T
1070 3978 1248 4052 gloriabimur

117 4075 141 4130 (a
160 4071 242 4131 eras.)
259 4067 287 4122 Ia
392 4068 427 4124 ta
448 4069 536 4138 quim
557 4069 584 4122 V
684 4067 719 4123 is
743 4084 805 4123 aum
831 4066 871 4123 Βι
974 4067 1011 4123 20
1032 4070 1057 4122 ei
1079 4083 1130 4124 oss.
1155 4067 1182 4122 Τ

112 4155 146 4208 tl
165 4153 317 4208 eantriuuit
334 4155 361 4209 Τ
461 4155 496 4209 22
513 4159 572 4209 erat
590 4154 628 4209 Π
724 4153 831 4210 aebrlus
849 4155 877 4210 Ia
978 4154 1014 4210 28
1030 4167 1123 4208 uomet
1140 4153 1180 4208 L*

113 4241 194 4296 aaa
281 4241 433 4311 tlproiela
444 4240 531 4297 BLV
604 4239 836 4297 nomentana
920 4239 1179 4311 abqnisqmmden

116 4327 330 4398 praemgultieni
345 4327 382 4394 A,
409 4327 639 4396 praemgitatione
660 4326 698 4381 Β
