2934 4934
424 369 662 440 Epistularum
686 371 776 427 liber
793 371 886 430 vnn.
1154 377 1221 444 237

97 555 392 635 demorabitur„
425 561 467 645 pt·
499 579 648 626 semen,
668 561 753 626 eius
790 561 1037 632 hereditabit
1061 567 1224 633 terram.

98 658 279 745 perfimpie
294 663 740 746 uniturqueuremansitset
750 664 930 734 inalterits
946 670 1089 735 seruitui
1105 671 1221 754 copula

96 780 215 856 crenus
228 765 385 849 :adspires
396 765 614 832 maureliaco
635 767 770 833 ridenda
783 769 923 850 sumbus,
940 765 1070 854 qul‘ium
1087 773 1221 840 uitalem

96 870 332 949 praeoccupabit
353 867 573 948 substantiam,
596 888 657 935 non
679 871 837 956 relinquit,
861 873 969 940 uideat
982 878 1028 941 »de
1048 876 1115 941 illis
1138 875 1223 942 bona

73 971 194 1056 spatam
210 973 243 1036 et
262 973 324 1037 -aui
346 974 617 1056 proauiqueante'
635 975 805 1042 transitum
819 994 919 1042 ‘sunm
941 994 1054 1044 nomen
1076 980 1221 1062 accipiat.

97 1091 141 1136 me
179 1077 285 1140 tamen
314 1077 458 1157 quamuis
487 1077 680 1161 peccatorem
719 1078 821 1144 adhuc
853 1081 963 1165 gratia
994 1097 1128 1164 superna
1160 1099 1223 1150 uon

97 1177 217 1254 deserit,
240 1178 294 1260 qni
316 1178 557 1246 admonitionem
587 1181 731 1247 cautione
752 1187 926 1266 praeuenio.
971 1203 1046 1250 nem
1069 1184 1225 1251 desideria

96 1299 171 1360 mea,
197 1300 235 1346 ne
257 1280 356 1364 legati
378 1283 579 1366 prouincialis
601 1303 714 1374 nomeu
739 1287 920 1373 acciperem,
936 1288 1012 1355 licet
1033 1288 1223 1354 cumdolore

97 1383 251 1466 suspendi.
298 1387 407 1470 timu,
437 1405 475 1451 ne
499 1391 679 1453 antrorum
704 1389 966 1480 dominusnuobis
987 1390 1224 1474 disponentibus

67 1485 170 1552 nbeec
193 1507 212 1553 a
234 1506 267 1553 se
291 1490 370 1572 exigi
394 1489 546 1568 crederet,
573 1499 655 1572 'quae
685 1492 778 1575 cogit·
792 1488 959 1560 caesitas
981 1495 1144 1576 postulari,
1169 1495 1226 1559 ant

97 1608 147 1672 ego
169 1591 324 1678 redderer.
334 1591 445 1666 ciliciis
460 1611 606 1673 onerosus
624 1600 658 1660 et
672 1595 847 1668 actionibus
862 1595 1063 1676 infecundus,
1077 1598 1225 1681 quamuis

77 1711 150 1772 “nec
172 1697 299 1780 exsequi
322 1715 379 1778 nec
400 1698 549 1776 iniunctis
570 1717 628 1781 par
651 1715 720 1772 esse
741 1699 925 1770 sufficerem.
948 1706 1082 1784 rogo-ut
1103 1701 1225 1784 suppli·

97 1799 259 1882 cetis3deo,
281 1802 319 1865 nt
340 1801 467 1880 mauel
489 1820 586 1886 usque
615 1803 657 1876 ad
677 1803 823 1872 uotorum
847 1807 1059 1878 communium
1083 1809 1227 1888 tempora

97 1901 376 1984 inmundiistius
400 1909 501 1970 seruc
524 1904 658 1973 incertos
863 1920 867 1928 '

613 2023 697 2158 (ιιι.

462 2209 648 2268 MESSALAE
668 2211 860 2268 ENNODIVS.

137 2315 216 2384 Fero
233 2318 407 2384 uestrarum
425 2316 650 2384 abstinentiam
667 2317 855 2397 litterarum,
872 2317 902 2384 si
915 2321 959 2386 sic
975 2319 1014 2385 ed
1031 2319 1229 2387 incrementa

97 2419 201 2502 gandii
231 2419 292 2484 mei
320 2419 456 2504 pertinet
485 2421 566 2502 quod
594 2421 719 2488 meos:
757 2438 817 2486 non
847 2424 896 2488 est
917 2423 1051 2488 molesta
1072 2422 1230 2504 paginalis

97 2521 296 2604 intermissio,
319 2523 345 2588 si
370 2541 443 2590 oum
464 2522 636 2606 splendidis
659 2523 847 2590 dictionibus
869 2528 1041 2608 iunguntur
1062 2543 1134 2592 raro
1155 2541 1229 2590 con·

67 2627 209 2710 alequa
234 2628 315 2710 quod
337 2626 377 2691 de
397 2627 500 2710 gratia
522 2625 604 2694 circa
626 2644 681 2692 uos
705 2629 772 2706 dei,
801 2627 881 2710 quod
912 2627 950 2693 de
978 2629 1094 2694 sanctis
1117 2647 1229 2710 paren·

98 2730 182 2795 tibus
204 2731 460 2812 praesumebatur
483 2730 609 2814 accipio.
634 2729 697 2796 iem
720 2729 882 2814 suffragiis
898 2733 1069 2796 amicorum
1092 2731 1150 2809 dei,
1174 2731 1229 2812 qui

98 2833 157 2900 tibi
181 2837 270 2917 pater
294 2835 326 2898 et
348 2832 444 2899 irator
466 2835 524 2912 est,
554 2833 723 2918 agnouisti.
758 2852 833 2898 uere
857 2834 1027 2899 dictionem
1049 2834 1138 2899 tuam
1160 2835 1229 2900 sine

98 2935 247 3018 lacrimis,
271 2953 348 3018 quae
371 2936 487 3002 debant
508 2936 634 3020 gaudie,
657 2953 717 3000 nou
742 2934 851 3017 relegi.
896 2935 968 3001 nolo
990 2935 1073 3019 apud
1095 2939 1127 3000 te
1149 2953 1232 3018 quae

98 3039 134 3104 de
156 3041 192 3106 te
213 3040 315 3106 sentio
337 3039 507 3106 uerborum
522 3040 754 3124 inportunitate
768 3040 945 3122 producere.
968 3038 1075 3105 labore
1096 3042 1131 3104 ut
1147 3039 1230 3122 quod

68 3171 91 3212 a
99 3144 285 3228 suggerente
306 3144 340 3208 iu
365 3144 507 3220 sensibus
528 3162 609 3209 uena
627 3143 748 3208 iuuenis
763 3159 918 3224 conponas
940 3141 1124 3225 eloquentia.
1149 3141 1231 3206 nibil

99 3246 157 3311 tibi
181 3246 328 3312 adomni
351 3246 459 3311 Fausti
490 3252 522 3312 et
545 3246 677 3312 domnae
700 3262 788 3311 meae
810 3243 920 3309 matris
943 3246 1016 3310 tuae
1037 3244 1103 3310 lilio
1124 3242 1233 3310 minus

101 3349 156 3428 est,
179 3347 242 3413 nisi
258 3348 339 3432 quod
355 3348 421 3431 ipse
436 3348 575 3414 studiose
593 3348 793 3415 subtraxeris.
818 3349 927 3430 parcat
942 3347 1001 3411 tibi
1018 3348 1123 3412 tamen
1140 3348 1227 3422 deus,

151 3535 246 3604 ipiae
264 3531 292 3588 B
385 3534 479 3602 copola
497 3533 524 3587 Β
622 3533 745 3586 3serenu
760 3534 785 3586 T
878 3530 997 3585 moribus
1020 3533 1045 3584 Τ
1138 3532 1232 3600 dper-

100 3621 242 3690 occupauit
270 3619 296 3673 Β
409 3618 543 3688 relinquid
572 3619 599 3674 Β
709 3618 844 3687 tgracia
871 3618 898 3671 Β
1012 3615 1231 3685 iiprouintialis

99 3705 161 3760 LV
270 3705 302 3760 10
328 3699 566 3775 ιιιι-ὲιιιιιιοιοι
593 3723 642 3760 om.
671 3705 698 3760 Β
803 3708 851 3759 aut
877 3704 984 3772 scripsi,
1014 3704 1042 3756 et
1066 3700 1163 3758 LTVb

101 3793 131 3847 11
158 3793 251 3848 offitiis
274 3793 302 3846 Β
406 3793 552 3847 honerosus
575 3789 688 3846 BLTV
788 3789 820 3844 12
839 3791 944 3859 exsequi
963 3795 1002 3859 (ee
1019 3806 1089 3845 corr.
1108 3791 1177 3869 aid.)
1196 3791 1233 3858 Β,

100 3883 190 3950 exequi
213 3881 238 3932 T
339 3879 495 3948 simplicetis
514 3879 541 3932 L

153 3965 216 4021 XII.
254 3966 286 4020 16
311 3964 421 4020 messala
443 3963 526 4018 BLT
629 3963 660 4018 17
685 3963 834 4018 absentiam
853 3963 935 4018 Siren.
1043 3961 1076 4016 18
1092 3961 1232 4029 paginalcs

100 4052 128 4105 Β
229 4053 262 4106 19
281 4051 314 4121 si]
334 4052 372 4106 sic
389 4049 417 4104 Β
520 4050 556 4104 20
572 4049 728 4119 perentibus
749 4049 776 4103 L
878 4048 911 4101 21
931 4048 1179 4115 praesummsbatnr
1197 4048 1232 4115 B,

100 4140 289 4207 praesumatur
307 4132 405 4192 LrVo
504 4135 537 4190 23
555 4135 656 4190 dabant
672 4135 714 4202 P,
739 4135 844 4190 dabunt
856 4132 1002 4200 cruat,
1025 4133 1125 4187 debunt
1137 4133 1166 4186 Β

100 4225 134 4280 25
154 4225 276 4280 sentibus
294 4223 321 4278 B
426 4223 460 4277 26
478 4226 505 4276 et
523 4239 557 4278 ex
575 4222 613 4277 ai
631 4237 699 4277 corr.
717 4221 745 4276 Β
849 4221 882 4274 21
900 4220 958 4288 ipse
975 4220 1011 4282 Β,
1038 4219 1098 4288 ipsa
1115 4219 1233 4287 mv,

99 4311 187 4367 iahb
293 4309 428 4366 studiosae
445 4309 503 4365 BV
