<?xml version="1.0" encoding="UTF-8"?>
<!DOCTYPE html PUBLIC "-//W3C//DTD XHTML 1.0 Transitional//EN"
    "http://www.w3.org/TR/xhtml1/DTD/xhtml1-transitional.dtd">
<html xmlns="http://www.w3.org/1999/xhtml" xml:lang="en" lang="en">
 <head>
  <title>
</title>
<meta http-equiv="Content-Type" content="text/html;charset=utf-8" />
  <meta name='ocr-system' content='tesseract 3.04.00' />
  <meta name='ocr-capabilities' content='ocr_page ocr_carea ocr_par ocr_line ocrx_word'/>
</head>
<body>
  <div class='ocr_page' id='page_1' title='image "./corpusscriptoru13wissgoog_0313.png"; bbox 0 0 2934 4934; ppageno 0'>
   <div class='ocr_carea' id='block_1_1' title="bbox 433 393 1218 464">
    <p class='ocr_par' dir='ltr' id='par_1_1' title="bbox 433 393 1218 464">
     <span class='ocr_line' id='line_1_1' title="bbox 433 393 1218 464; baseline 0.014 -16"><span class='ocrx_word' id='word_1_1' title='bbox 433 395 670 464; x_wconf 71' lang='lat' dir='ltr'><strong>Epistularum</strong></span> <span class='ocrx_word' id='word_1_2' title='bbox 692 393 782 449; x_wconf 84' lang='lat' dir='ltr'><strong>liber</strong></span> <span class='ocrx_word' id='word_1_3' title='bbox 799 395 877 450; x_wconf 85' lang='lat' dir='ltr'><strong>vm.</strong></span> <span class='ocrx_word' id='word_1_4' title='bbox 1154 393 1218 464; x_wconf 77' lang='lat'><strong>215</strong></span> 
     </span>
    </p>
   </div>
   <div class='ocr_carea' id='block_1_2' title="bbox 84 585 1217 1273">
    <p class='ocr_par' dir='ltr' id='par_1_2' title="bbox 84 585 1217 1273">
     <span class='ocr_line' id='line_1_2' title="bbox 106 585 1217 671; baseline -0.003 -18"><span class='ocrx_word' id='word_1_5' title='bbox 106 585 246 653; x_wconf 85' lang='lat' dir='ltr'><strong>desideria</strong></span> <span class='ocrx_word' id='word_1_6' title='bbox 269 586 373 652; x_wconf 87' lang='lat' dir='ltr'><strong>aliena</strong></span> <span class='ocrx_word' id='word_1_7' title='bbox 394 605 586 671; x_wconf 81' lang='lat' dir='ltr'><strong>cognoscere.</strong></span> <span class='ocrx_word' id='word_1_8' title='bbox 614 603 686 670; x_wconf 83' lang='lat' dir='ltr'><strong>ergo</strong></span> <span class='ocrx_word' id='word_1_9' title='bbox 715 585 844 650; x_wconf 89' lang='lat' dir='ltr'><strong>semitio</strong></span> <span class='ocrx_word' id='word_1_10' title='bbox 866 586 1065 652; x_wconf 70' lang='lat' dir='ltr'><strong>salutationis</strong></span> <span class='ocrx_word' id='word_1_11' title='bbox 1081 587 1217 652; x_wconf 80' lang='lat' dir='ltr'><strong>exhibIto</strong></span> 
     </span>
     <span class='ocr_line' id='line_1_3' title="bbox 104 689 1216 774; baseline 0 -18"><span class='ocrx_word' id='word_1_12' title='bbox 104 691 194 756; x_wconf 84' lang='lat' dir='ltr'><strong>indico</strong></span> <span class='ocrx_word' id='word_1_13' title='bbox 215 709 265 755; x_wconf 90' lang='lat' dir='ltr'><strong>me</strong></span> <span class='ocrx_word' id='word_1_14' title='bbox 287 690 414 756; x_wconf 88' lang='lat' dir='ltr'><strong>caelesti</strong></span> <span class='ocrx_word' id='word_1_15' title='bbox 429 689 587 766; x_wconf 82' lang='lat' dir='ltr'><strong>beneflcio,</strong></span> <span class='ocrx_word' id='word_1_16' title='bbox 605 691 770 772; x_wconf 88' lang='lat' dir='ltr'><strong>postquam</strong></span> <span class='ocrx_word' id='word_1_17' title='bbox 785 690 923 754; x_wconf 89' lang='lat' dir='ltr'><strong>cessauit</strong></span> <span class='ocrx_word' id='word_1_18' title='bbox 937 691 1076 774; x_wconf 83' lang='lat' dir='ltr'><strong>humanu</strong></span> <span class='ocrx_word' id='word_1_19' title='bbox 1088 692 1216 772; x_wconf 84' lang='lat' dir='ltr'><strong>curatio,</strong></span> 
     </span>
     <span class='ocr_line' id='line_1_4' title="bbox 103 791 1216 876; baseline 0.004 -19"><span class='ocrx_word' id='word_1_20' title='bbox 103 793 346 860; x_wconf 85' lang='lat' dir='ltr'><strong>morsanatum:</strong></span> <span class='ocrx_word' id='word_1_21' title='bbox 385 794 544 859; x_wconf 87' lang='lat' dir='ltr'><strong>reuocauit</strong></span> <span class='ocrx_word' id='word_1_22' title='bbox 575 811 627 858; x_wconf 90' lang='lat' dir='ltr'><strong>me</strong></span> <span class='ocrx_word' id='word_1_23' title='bbox 659 791 699 858; x_wconf 87' lang='lat' dir='ltr'><strong>ad</strong></span> <span class='ocrx_word' id='word_1_24' title='bbox 727 809 816 874; x_wconf 90' lang='lat' dir='ltr'><strong>spem</strong></span> <span class='ocrx_word' id='word_1_25' title='bbox 839 794 1055 876; x_wconf 73' lang='lat' dir='ltr'><strong>prosperitatis</strong></span> <span class='ocrx_word' id='word_1_26' title='bbox 1078 814 1129 860; x_wconf 88' lang='lat' dir='ltr'><strong>res</strong></span> <span class='ocrx_word' id='word_1_27' title='bbox 1151 796 1216 874; x_wconf 88' lang='lat' dir='ltr'><strong>illa,</strong></span> 
     </span>
     <span class='ocr_line' id='line_1_5' title="bbox 102 895 1217 978; baseline 0.003 -18"><span class='ocrx_word' id='word_1_28' title='bbox 102 899 166 978; x_wconf 86' lang='lat' dir='ltr'><strong>quia</strong></span> <span class='ocrx_word' id='word_1_29' title='bbox 190 896 304 962; x_wconf 89' lang='lat' dir='ltr'><strong>medici</strong></span> <span class='ocrx_word' id='word_1_30' title='bbox 332 897 533 962; x_wconf 89' lang='lat' dir='ltr'><strong>destiterunt.</strong></span> <span class='ocrx_word' id='word_1_31' title='bbox 568 913 649 961; x_wconf 90' lang='lat' dir='ltr'><strong>nunc</strong></span> <span class='ocrx_word' id='word_1_32' title='bbox 683 895 799 978; x_wconf 77' lang='lat' dir='ltr'><strong>gaudia</strong></span> <span class='ocrx_word' id='word_1_33' title='bbox 829 899 950 971; x_wconf 84' lang='lat' dir='ltr'><strong>uestra,</strong></span> <span class='ocrx_word' id='word_1_34' title='bbox 987 895 1072 962; x_wconf 87' lang='lat' dir='ltr'><strong>siout</strong></span> <span class='ocrx_word' id='word_1_35' title='bbox 1099 899 1138 963; x_wconf 90' lang='lat' dir='ltr'><strong>de</strong></span> <span class='ocrx_word' id='word_1_36' title='bbox 1166 917 1217 963; x_wconf 90' lang='lat' dir='ltr'><strong>me</strong></span> 
     </span>
     <span class='ocr_line' id='line_1_6' title="bbox 84 997 1216 1083; baseline 0 -17"><span class='ocrx_word' id='word_1_37' title='bbox 84 1001 231 1076; x_wconf 70' lang='lat' dir='ltr'><strong>aestimo,</strong></span> <span class='ocrx_word' id='word_1_38' title='bbox 255 1001 472 1083; x_wconf 80' lang='lat' dir='ltr'><strong>cognoscentes</strong></span> <span class='ocrx_word' id='word_1_39' title='bbox 496 1015 621 1064; x_wconf 88' lang='lat' dir='ltr'><strong>meeum</strong></span> <span class='ocrx_word' id='word_1_40' title='bbox 643 997 791 1064; x_wconf 73' lang='lat' dir='ltr'><strong>laudibus</strong></span> <span class='ocrx_word' id='word_1_41' title='bbox 812 999 1035 1082; x_wconf 74' lang='lat' dir='ltr'><strong>prosequimini</strong></span> <span class='ocrx_word' id='word_1_42' title='bbox 1057 1003 1139 1066; x_wconf 84' lang='lat' dir='ltr'><strong>tanti</strong></span> <span class='ocrx_word' id='word_1_43' title='bbox 1161 1001 1216 1066; x_wconf 87' lang='lat' dir='ltr'><strong>be·</strong></span> 
     </span>
     <span class='ocr_line' id='line_1_7' title="bbox 101 1101 1217 1187; baseline 0.004 -20"><span class='ocrx_word' id='word_1_44' title='bbox 101 1103 195 1170; x_wconf 77' lang='lat' dir='ltr'><strong>nefidi</strong></span> <span class='ocrx_word' id='word_1_45' title='bbox 217 1103 398 1187; x_wconf 79' lang='lat' dir='ltr'><strong>largitorem</strong></span> <span class='ocrx_word' id='word_1_46' title='bbox 421 1106 463 1183; x_wconf 87' lang='lat' dir='ltr'><strong>et,</strong></span> <span class='ocrx_word' id='word_1_47' title='bbox 487 1105 514 1168; x_wconf 93' lang='lat' dir='ltr'><strong>si</strong></span> <span class='ocrx_word' id='word_1_48' title='bbox 536 1103 637 1168; x_wconf 89' lang='lat' dir='ltr'><strong>adhuc</strong></span> <span class='ocrx_word' id='word_1_49' title='bbox 656 1119 712 1168; x_wconf 91' lang='lat' dir='ltr'><strong>uos</strong></span> <span class='ocrx_word' id='word_1_50' title='bbox 733 1101 858 1187; x_wconf 80' lang='lat' dir='ltr'><strong>longior</strong></span> <span class='ocrx_word' id='word_1_51' title='bbox 870 1119 959 1167; x_wconf 87' lang='lat' dir='ltr'><strong>mora</strong></span> <span class='ocrx_word' id='word_1_52' title='bbox 970 1103 1100 1178; x_wconf 71' lang='lat' dir='ltr'><strong>dannot,</strong></span> <span class='ocrx_word' id='word_1_53' title='bbox 1124 1124 1217 1186; x_wconf 87' lang='lat' dir='ltr'><strong>quam</strong></span> 
     </span>
     <span class='ocr_line' id='line_1_8' title="bbox 100 1205 643 1273; baseline -0.002 -3"><span class='ocrx_word' id='word_1_54' title='bbox 100 1205 171 1272; x_wconf 90' lang='lat' dir='ltr'><strong>bene</strong></span> <span class='ocrx_word' id='word_1_55' title='bbox 192 1207 326 1273; x_wconf 86' lang='lat' dir='ltr'><strong>ualeatis</strong></span> <span class='ocrx_word' id='word_1_56' title='bbox 348 1205 464 1272; x_wconf 86' lang='lat' dir='ltr'><strong>litteris</strong></span> <span class='ocrx_word' id='word_1_57' title='bbox 487 1205 643 1270; x_wconf 85' lang='lat' dir='ltr'><strong>intimate.</strong></span> 
     </span>
    </p>
   </div>
   <div class='ocr_carea' id='block_1_3' title="bbox 488 1408 821 1599">
    <p class='ocr_par' dir='ltr' id='par_1_3' title="bbox 488 1408 821 1599">
     <span class='ocr_line' id='line_1_9' title="bbox 594 1408 715 1475; baseline -0.008 0"><span class='ocrx_word' id='word_1_58' title='bbox 594 1408 715 1475; x_wconf 85' lang='grc' dir='ltr'><strong>ΧΧΙΙΙ.</strong></span> 
     </span>
     <span class='ocr_line' id='line_1_10' title="bbox 488 1541 821 1599; baseline 0.006 -3"><span class='ocrx_word' id='word_1_59' title='bbox 488 1541 672 1597; x_wconf 76' lang='lat' dir='ltr'><strong>ennomus</strong></span> <span class='ocrx_word' id='word_1_60' title='bbox 697 1541 821 1599; x_wconf 75' lang='lat' dir='ltr'><strong>suono,</strong></span> 
     </span>
    </p>
   </div>
   <div class='ocr_carea' id='block_1_4' title="bbox 70 1665 1217 2474">
    <p class='ocr_par' dir='ltr' id='par_1_4' title="bbox 71 1665 1217 2166">
     <span class='ocr_line' id='line_1_11' title="bbox 71 1665 1212 1750; baseline 0.007 -22"><span class='ocrx_word' id='word_1_61' title='bbox 71 1690 92 1729; x_wconf 85' lang='lat' dir='ltr'><strong>o</strong></span> <span class='ocrx_word' id='word_1_62' title='bbox 136 1665 318 1750; x_wconf 73' lang='lat' dir='ltr'><strong>Spectabilis</strong></span> <span class='ocrx_word' id='word_1_63' title='bbox 347 1670 396 1734; x_wconf 90' lang='lat' dir='ltr'><strong>uir</strong></span> <span class='ocrx_word' id='word_1_64' title='bbox 419 1667 617 1732; x_wconf 77' lang='lat' dir='ltr'><strong>Eleutherion</strong></span> <span class='ocrx_word' id='word_1_65' title='bbox 646 1669 679 1732; x_wconf 91' lang='lat' dir='ltr'><strong>in</strong></span> <span class='ocrx_word' id='word_1_66' title='bbox 707 1668 831 1750; x_wconf 87' lang='lat' dir='ltr'><strong>negotio</strong></span> <span class='ocrx_word' id='word_1_67' title='bbox 861 1684 927 1750; x_wconf 90' lang='lat' dir='ltr'><strong>suo,</strong></span> <span class='ocrx_word' id='word_1_68' title='bbox 957 1671 1038 1750; x_wconf 92' lang='lat' dir='ltr'><strong>quod</strong></span> <span class='ocrx_word' id='word_1_69' title='bbox 1060 1687 1079 1732; x_wconf 85' lang='lat' dir='ltr'><strong>a</strong></span> <span class='ocrx_word' id='word_1_70' title='bbox 1100 1670 1212 1736; x_wconf 92' lang='lat' dir='ltr'><strong>domno</strong></span> 
     </span>
     <span class='ocr_line' id='line_1_12' title="bbox 99 1771 1214 1856; baseline 0.004 -21"><span class='ocrx_word' id='word_1_71' title='bbox 99 1771 248 1852; x_wconf 87' lang='lat' dir='ltr'><strong>praefecto</strong></span> <span class='ocrx_word' id='word_1_72' title='bbox 283 1771 474 1837; x_wconf 86' lang='lat' dir='ltr'><strong>audiendum</strong></span> <span class='ocrx_word' id='word_1_73' title='bbox 503 1771 647 1836; x_wconf 88' lang='lat' dir='ltr'><strong>Vicarius</strong></span> <span class='ocrx_word' id='word_1_74' title='bbox 680 1775 874 1856; x_wconf 75' lang='lat' dir='ltr'><strong>susceperat,</strong></span> <span class='ocrx_word' id='word_1_75' title='bbox 904 1771 943 1836; x_wconf 89' lang='lat' dir='ltr'><strong>ad</strong></span> <span class='ocrx_word' id='word_1_76' title='bbox 973 1773 1214 1853; x_wconf 88' lang='lat' dir='ltr'><strong>amplitudinem</strong></span> 
     </span>
     <span class='ocr_line' id='line_1_13' title="bbox 99 1874 1216 1958; baseline 0.004 -22"><span class='ocrx_word' id='word_1_77' title='bbox 99 1877 229 1941; x_wconf 76' lang='lat' dir='ltr'><strong>lesum</strong></span> <span class='ocrx_word' id='word_1_78' title='bbox 253 1894 272 1941; x_wconf 91' lang='lat' dir='ltr'><strong>a</strong></span> <span class='ocrx_word' id='word_1_79' title='bbox 293 1895 343 1940; x_wconf 92' lang='lat' dir='ltr'><strong>me</strong></span> <span class='ocrx_word' id='word_1_80' title='bbox 366 1874 640 1940; x_wconf 73' lang='lat' dir='ltr'><strong>commendaticias</strong></span> <span class='ocrx_word' id='word_1_81' title='bbox 663 1874 811 1958; x_wconf 89' lang='lat' dir='ltr'><strong>sperauit,</strong></span> <span class='ocrx_word' id='word_1_82' title='bbox 835 1875 962 1940; x_wconf 86' lang='lat' dir='ltr'><strong>credens</strong></span> <span class='ocrx_word' id='word_1_83' title='bbox 984 1877 1073 1940; x_wconf 89' lang='lat' dir='ltr'><strong>salua</strong></span> <span class='ocrx_word' id='word_1_84' title='bbox 1093 1876 1216 1940; x_wconf 89' lang='lat' dir='ltr'><strong>iustitia</strong></span> 
     </span>
     <span class='ocr_line' id='line_1_14' title="bbox 98 1977 1217 2063; baseline 0.005 -25"><span class='ocrx_word' id='word_1_85' title='bbox 98 1993 179 2058; x_wconf 91' lang='lat' dir='ltr'><strong>opem</strong></span> <span class='ocrx_word' id='word_1_86' title='bbox 201 1979 262 2043; x_wconf 89' lang='lat' dir='ltr'><strong>sibi</strong></span> <span class='ocrx_word' id='word_1_87' title='bbox 277 1979 433 2061; x_wconf 83' lang='lat' dir='ltr'><strong>integram</strong></span> <span class='ocrx_word' id='word_1_88' title='bbox 448 1995 538 2063; x_wconf 87' lang='lat' dir='ltr'><strong>posse</strong></span> <span class='ocrx_word' id='word_1_89' title='bbox 553 1979 728 2061; x_wconf 88' lang='lat' dir='ltr'><strong>subpetere,</strong></span> <span class='ocrx_word' id='word_1_90' title='bbox 744 1977 772 2042; x_wconf 91' lang='lat' dir='ltr'><strong>si</strong></span> <span class='ocrx_word' id='word_1_91' title='bbox 789 1980 866 2043; x_wconf 85' lang='lat' dir='ltr'><strong>meis</strong></span> <span class='ocrx_word' id='word_1_92' title='bbox 880 1978 961 2060; x_wconf 91' lang='lat' dir='ltr'><strong>apud</strong></span> <span class='ocrx_word' id='word_1_93' title='bbox 983 1996 1038 2044; x_wconf 90' lang='lat' dir='ltr'><strong>uos</strong></span> <span class='ocrx_word' id='word_1_94' title='bbox 1056 1977 1217 2044; x_wconf 89' lang='lat' dir='ltr'><strong>iuuaretur</strong></span> 
     </span>
     <span class='ocr_line' id='line_1_15' title="bbox 97 2079 1216 2166; baseline 0.004 -25"><span class='ocrx_word' id='word_1_95' title='bbox 97 2079 243 2163; x_wconf 83' lang='lat' dir='ltr'><strong>alloquiis.</strong></span> <span class='ocrx_word' id='word_1_96' title='bbox 267 2099 341 2165; x_wconf 83' lang='lat' dir='ltr'><strong>rogo</strong></span> <span class='ocrx_word' id='word_1_97' title='bbox 363 2100 437 2166; x_wconf 85' lang='lat' dir='ltr'><strong>ergo</strong></span> <span class='ocrx_word' id='word_1_98' title='bbox 459 2082 573 2148; x_wconf 90' lang='lat' dir='ltr'><strong>honore</strong></span> <span class='ocrx_word' id='word_1_99' title='bbox 588 2082 787 2149; x_wconf 83' lang='lat' dir='ltr'><strong>salutationis</strong></span> <span class='ocrx_word' id='word_1_100' title='bbox 809 2081 957 2158; x_wconf 78' lang='lat' dir='ltr'><strong>exhibito,</strong></span> <span class='ocrx_word' id='word_1_101' title='bbox 979 2082 1017 2144; x_wconf 93' lang='lat' dir='ltr'><strong>ut</strong></span> <span class='ocrx_word' id='word_1_102' title='bbox 1038 2083 1077 2166; x_wconf 87' lang='lat' dir='ltr'><strong>ei,</strong></span> <span class='ocrx_word' id='word_1_103' title='bbox 1100 2081 1216 2147; x_wconf 87' lang='lat' dir='ltr'><strong>siuere</strong></span> 
     </span>
    </p>

    <p class='ocr_par' dir='ltr' id='par_1_5' title="bbox 70 2184 1217 2474">
     <span class='ocr_line' id='line_1_16' title="bbox 70 2184 1217 2270; baseline 0.007 -28"><span class='ocrx_word' id='word_1_104' title='bbox 70 2185 195 2248; x_wconf 71' lang='lat' dir='ltr'><strong>incontra</strong></span> <span class='ocrx_word' id='word_1_105' title='bbox 227 2185 418 2266; x_wconf 82' lang='lat' dir='ltr'><strong>nequitatem</strong></span> <span class='ocrx_word' id='word_1_106' title='bbox 447 2185 586 2264; x_wconf 84' lang='lat' dir='ltr'><strong>laborat,</strong></span> <span class='ocrx_word' id='word_1_107' title='bbox 612 2202 743 2252; x_wconf 84' lang='lat' dir='ltr'><strong>manum</strong></span> <span class='ocrx_word' id='word_1_108' title='bbox 765 2185 915 2250; x_wconf 88' lang='lat' dir='ltr'><strong>medicam</strong></span> <span class='ocrx_word' id='word_1_109' title='bbox 944 2184 1121 2268; x_wconf 79' lang='lat' dir='ltr'><strong>porrigatis,</strong></span> <span class='ocrx_word' id='word_1_110' title='bbox 1144 2187 1217 2270; x_wconf 87' lang='lat' dir='ltr'><strong>quia</strong></span> 
     </span>
     <span class='ocr_line' id='line_1_17' title="bbox 96 2285 1214 2372; baseline 0.005 -24"><span class='ocrx_word' id='word_1_111' title='bbox 96 2285 177 2351; x_wconf 88' lang='lat' dir='ltr'><strong>nefas</strong></span> <span class='ocrx_word' id='word_1_112' title='bbox 198 2292 259 2367; x_wconf 88' lang='lat' dir='ltr'><strong>est,</strong></span> <span class='ocrx_word' id='word_1_113' title='bbox 293 2291 330 2352; x_wconf 93' lang='lat' dir='ltr'><strong>ut</strong></span> <span class='ocrx_word' id='word_1_114' title='bbox 357 2291 390 2354; x_wconf 90' lang='lat' dir='ltr'><strong>iu</strong></span> <span class='ocrx_word' id='word_1_115' title='bbox 412 2289 601 2370; x_wconf 86' lang='lat' dir='ltr'><strong>praeiudicio</strong></span> <span class='ocrx_word' id='word_1_116' title='bbox 625 2290 722 2355; x_wconf 90' lang='lat' dir='ltr'><strong>bonae</strong></span> <span class='ocrx_word' id='word_1_117' title='bbox 745 2307 855 2354; x_wconf 88' lang='lat' dir='ltr'><strong>causae</strong></span> <span class='ocrx_word' id='word_1_118' title='bbox 876 2291 1022 2372; x_wconf 78' lang='lat' dir='ltr'><strong>prodesse</strong></span> <span class='ocrx_word' id='word_1_119' title='bbox 1043 2288 1105 2355; x_wconf 88' lang='lat' dir='ltr'><strong>sibi</strong></span> <span class='ocrx_word' id='word_1_120' title='bbox 1127 2289 1214 2354; x_wconf 87' lang='lat' dir='ltr'><strong>calli·</strong></span> 
     </span>
     <span class='ocr_line' id='line_1_18' title="bbox 97 2387 565 2474; baseline 0.009 -22"><span class='ocrx_word' id='word_1_121' title='bbox 97 2387 170 2454; x_wconf 86' lang='lat' dir='ltr'><strong>dites</strong></span> <span class='ocrx_word' id='word_1_122' title='bbox 191 2390 301 2456; x_wconf 90' lang='lat' dir='ltr'><strong>uideat</strong></span> <span class='ocrx_word' id='word_1_123' title='bbox 322 2393 405 2474; x_wconf 93' lang='lat' dir='ltr'><strong>quod</strong></span> <span class='ocrx_word' id='word_1_124' title='bbox 425 2391 518 2458; x_wconf 88' lang='lat' dir='ltr'><strong>molit</strong></span> <span class='ocrx_word' id='word_1_125' title='bbox 558 2439 565 2456; x_wconf 91' lang='lat'><em>.</em></span> 
     </span>
    </p>
   </div>
   <div class='ocr_carea' id='block_1_5' title="bbox 477 2575 830 2768">
    <p class='ocr_par' dir='ltr' id='par_1_6' title="bbox 477 2575 830 2768">
     <span class='ocr_line' id='line_1_19' title="bbox 586 2575 721 2644; baseline -0.022 0"><span class='ocrx_word' id='word_1_126' title='bbox 586 2575 721 2644; x_wconf 88' lang='lat' dir='ltr'>XXIIII.</span> 
     </span>
     <span class='ocr_line' id='line_1_20' title="bbox 477 2711 830 2768; baseline 0 -2"><span class='ocrx_word' id='word_1_127' title='bbox 477 2711 663 2766; x_wconf 80' lang='lat' dir='ltr'>ENNODIVS</span> <span class='ocrx_word' id='word_1_128' title='bbox 683 2713 830 2768; x_wconf 71' lang='lat' dir='ltr'><strong>sessio,</strong></span> 
     </span>
    </p>
   </div>
   <div class='ocr_carea' id='block_1_6' title="bbox 69 2833 1216 3229">
    <p class='ocr_par' dir='ltr' id='par_1_7' title="bbox 69 2833 1216 3229">
     <span class='ocr_line' id='line_1_21' title="bbox 69 2833 1213 2918; baseline 0.005 -22"><span class='ocrx_word' id='word_1_129' title='bbox 69 2847 89 2886; x_wconf 82' lang='lat' dir='ltr'><strong>s</strong></span> <span class='ocrx_word' id='word_1_130' title='bbox 133 2833 232 2900; x_wconf 88' lang='lat' dir='ltr'><strong>Vsum</strong></span> <span class='ocrx_word' id='word_1_131' title='bbox 255 2851 348 2900; x_wconf 89' lang='lat' dir='ltr'><strong>suum</strong></span> <span class='ocrx_word' id='word_1_132' title='bbox 364 2836 539 2918; x_wconf 82' lang='lat' dir='ltr'><strong>benignitas</strong></span> <span class='ocrx_word' id='word_1_133' title='bbox 554 2839 662 2901; x_wconf 83' lang='lat' dir='ltr'><strong>uestra</strong></span> <span class='ocrx_word' id='word_1_134' title='bbox 683 2853 778 2918; x_wconf 88' lang='lat' dir='ltr'><strong>supra</strong></span> <span class='ocrx_word' id='word_1_135' title='bbox 791 2834 934 2902; x_wconf 91' lang='lat' dir='ltr'><strong>homines</strong></span> <span class='ocrx_word' id='word_1_136' title='bbox 949 2835 1053 2900; x_wconf 89' lang='lat' dir='ltr'><strong>locata</strong></span> <span class='ocrx_word' id='word_1_137' title='bbox 1067 2836 1213 2902; x_wconf 85' lang='lat' dir='ltr'><strong>custodit.</strong></span> 
     </span>
     <span class='ocr_line' id='line_1_22' title="bbox 95 2933 1216 3005; baseline 0.006 -7"><span class='ocrx_word' id='word_1_138' title='bbox 95 2952 161 3001; x_wconf 87' lang='lat' dir='ltr'><strong>uere</strong></span> <span class='ocrx_word' id='word_1_139' title='bbox 176 2937 334 3003; x_wconf 89' lang='lat' dir='ltr'><strong>medicina</strong></span> <span class='ocrx_word' id='word_1_140' title='bbox 349 2942 397 3003; x_wconf 87' lang='lat' dir='ltr'><strong>est</strong></span> <span class='ocrx_word' id='word_1_141' title='bbox 413 2957 486 3004; x_wconf 87' lang='lat' dir='ltr'><strong>cura</strong></span> <span class='ocrx_word' id='word_1_142' title='bbox 500 2937 709 3005; x_wconf 87' lang='lat' dir='ltr'><strong>sanctissimi:</strong></span> <span class='ocrx_word' id='word_1_143' title='bbox 732 2955 806 3003; x_wconf 87' lang='lat' dir='ltr'><strong>nam</strong></span> <span class='ocrx_word' id='word_1_144' title='bbox 822 2937 1012 3004; x_wconf 88' lang='lat' dir='ltr'><strong>uenerabilis</strong></span> <span class='ocrx_word' id='word_1_145' title='bbox 1025 2933 1216 3005; x_wconf 83' lang='lat' dir='ltr'><strong>somnientia</strong></span> 
     </span>
     <span class='ocr_line' id='line_1_23' title="bbox 95 3038 1215 3126; baseline 0.004 -25"><span class='ocrx_word' id='word_1_146' title='bbox 95 3038 146 3104; x_wconf 86' lang='lat' dir='ltr'><strong>deo</strong></span> <span class='ocrx_word' id='word_1_147' title='bbox 168 3057 293 3122; x_wconf 86' lang='lat' dir='ltr'><strong>semper</strong></span> <span class='ocrx_word' id='word_1_148' title='bbox 315 3041 455 3108; x_wconf 86' lang='lat' dir='ltr'><strong>insinuat</strong></span> <span class='ocrx_word' id='word_1_149' title='bbox 477 3040 559 3124; x_wconf 93' lang='lat' dir='ltr'><strong>quod</strong></span> <span class='ocrx_word' id='word_1_150' title='bbox 584 3041 725 3123; x_wconf 85' lang='lat' dir='ltr'><strong>requirit.</strong></span> <span class='ocrx_word' id='word_1_151' title='bbox 763 3041 912 3126; x_wconf 78' lang='lat' dir='ltr'><strong>digressis</strong></span> <span class='ocrx_word' id='word_1_152' title='bbox 933 3041 1022 3106; x_wconf 90' lang='lat' dir='ltr'><strong>uobis</strong></span> <span class='ocrx_word' id='word_1_153' title='bbox 1044 3042 1143 3107; x_wconf 89' lang='lat' dir='ltr'><strong>acrior</strong></span> <span class='ocrx_word' id='word_1_154' title='bbox 1164 3062 1215 3108; x_wconf 91' lang='lat' dir='ltr'><strong>me</strong></span> 
     </span>
     <span class='ocr_line' id='line_1_24' title="bbox 95 3143 1216 3229; baseline 0.004 -22"><span class='ocrx_word' id='word_1_155' title='bbox 95 3143 174 3208; x_wconf 88' lang='lat' dir='ltr'><strong>calor</strong></span> <span class='ocrx_word' id='word_1_156' title='bbox 195 3143 317 3209; x_wconf 84' lang='lat' dir='ltr'><strong>exussit</strong></span> <span class='ocrx_word' id='word_1_157' title='bbox 338 3144 372 3209; x_wconf 89' lang='lat' dir='ltr'><strong>et</strong></span> <span class='ocrx_word' id='word_1_158' title='bbox 390 3144 430 3211; x_wconf 91' lang='lat' dir='ltr'><strong>ad</strong></span> <span class='ocrx_word' id='word_1_159' title='bbox 446 3162 570 3210; x_wconf 88' lang='lat' dir='ltr'><strong>omnem</strong></span> <span class='ocrx_word' id='word_1_160' title='bbox 586 3143 837 3229; x_wconf 86' lang='lat' dir='ltr'><strong>desperationem</strong></span> <span class='ocrx_word' id='word_1_161' title='bbox 849 3144 1078 3228; x_wconf 85' lang='lat' dir='ltr'><strong>praecipitante</strong></span> <span class='ocrx_word' id='word_1_162' title='bbox 1092 3144 1216 3212; x_wconf 85' lang='lat' dir='ltr'><strong>diabolo</strong></span> 
     </span>
    </p>
   </div>
   <div class='ocr_carea' id='block_1_7' title="bbox 93 3373 1216 3678">
    <p class='ocr_par' dir='ltr' id='par_1_8' title="bbox 93 3373 1216 3678">
     <span class='ocr_line' id='line_1_25' title="bbox 138 3373 1147 3486; baseline 0.004 -32"><span class='ocrx_word' id='word_1_163' title='bbox 138 3373 269 3456; x_wconf 67' lang='lat' dir='ltr'><strong>2c⁰alesti</strong></span> <span class='ocrx_word' id='word_1_164' title='bbox 286 3401 314 3456; x_wconf 82' lang='lat' dir='ltr'><strong><em>L</em></strong></span> <span class='ocrx_word' id='word_1_165' title='bbox 396 3401 512 3486; x_wconf 69' lang='lat' dir='ltr'><strong>corratio</strong></span> <span class='ocrx_word' id='word_1_166' title='bbox 530 3401 559 3455; x_wconf 88' lang='grc' dir='ltr'><strong><em>Β</em></strong></span> <span class='ocrx_word' id='word_1_167' title='bbox 643 3402 661 3456; x_wconf 82' lang='lat'><strong>3</strong></span> <span class='ocrx_word' id='word_1_168' title='bbox 678 3417 738 3456; x_wconf 87' lang='lat' dir='ltr'><strong>mor</strong></span> <span class='ocrx_word' id='word_1_169' title='bbox 754 3417 805 3457; x_wconf 83' lang='lat' dir='ltr'><strong>om.</strong></span> <span class='ocrx_word' id='word_1_170' title='bbox 827 3401 854 3456; x_wconf 82' lang='lat' dir='ltr'><em>T</em></span> <span class='ocrx_word' id='word_1_171' title='bbox 934 3418 977 3456; x_wconf 89' lang='lat' dir='ltr'><strong>me</strong></span> <span class='ocrx_word' id='word_1_172' title='bbox 994 3419 1044 3457; x_wconf 77' lang='lat' dir='ltr'><strong>orn.</strong></span> <span class='ocrx_word' id='word_1_173' title='bbox 1063 3403 1147 3460; x_wconf 76' lang='lat' dir='ltr'><strong>Siras.</strong></span> 
     </span>
     <span class='ocr_line' id='line_1_26' title="bbox 93 3501 347 3575; baseline 0.035 -23"><span class='ocrx_word' id='word_1_174' title='bbox 93 3501 106 3552; x_wconf 82' lang='lat'>5</span> <span class='ocrx_word' id='word_1_175' title='bbox 124 3506 245 3575; x_wconf 85' lang='lat' dir='ltr'><strong>prosequi</strong></span> <span class='ocrx_word' id='word_1_176' title='bbox 263 3505 302 3560; x_wconf 87' lang='lat' dir='ltr'><strong>mi</strong></span> <span class='ocrx_word' id='word_1_177' title='bbox 318 3505 347 3560; x_wconf 97' lang='grc' dir='ltr'><strong><em>Β</em></strong></span> 
     </span>
     <span class='ocr_line' id='line_1_27' title="bbox 139 3597 1216 3678; baseline 0.004 -16"><span class='ocrx_word' id='word_1_178' title='bbox 139 3605 244 3662; x_wconf 80' lang='lat' dir='ltr'>XXIII.</span> <span class='ocrx_word' id='word_1_179' title='bbox 281 3606 315 3660; x_wconf 90' lang='lat'><strong>10</strong></span> <span class='ocrx_word' id='word_1_180' title='bbox 331 3605 512 3662; x_wconf 88' lang='lat' dir='ltr'><strong>heleutherius</strong></span> <span class='ocrx_word' id='word_1_181' title='bbox 529 3608 557 3663; x_wconf 90' lang='grc' dir='ltr'><strong><em>Β</em></strong></span> <span class='ocrx_word' id='word_1_182' title='bbox 656 3609 682 3678; x_wconf 84' lang='lat' dir='ltr'><strong>a]</strong></span> <span class='ocrx_word' id='word_1_183' title='bbox 701 3607 736 3664; x_wconf 85' lang='lat' dir='ltr'><strong>sd</strong></span> <span class='ocrx_word' id='word_1_184' title='bbox 753 3608 782 3663; x_wconf 94' lang='grc' dir='ltr'><strong><em>Β</em></strong></span> <span class='ocrx_word' id='word_1_185' title='bbox 882 3597 935 3664; x_wconf 73' lang='lat' dir='ltr'><strong>dno</strong></span> <span class='ocrx_word' id='word_1_186' title='bbox 954 3608 980 3663; x_wconf 80' lang='grc' dir='ltr'><em>Τ</em></span> <span class='ocrx_word' id='word_1_187' title='bbox 1082 3611 1112 3664; x_wconf 95' lang='grc'><strong>11</strong></span> <span class='ocrx_word' id='word_1_188' title='bbox 1131 3612 1216 3666; x_wconf 87' lang='lat' dir='ltr'><strong>sueci-</strong></span> 
     </span>
    </p>
   </div>
   <div class='ocr_carea' id='block_1_8' title="bbox 91 3695 1214 3801">
    <p class='ocr_par' dir='ltr' id='par_1_9' title="bbox 91 3695 1214 3801">
     <span class='ocr_line' id='line_1_28' title="bbox 91 3695 1214 3801; baseline 0.005 -22"><span class='ocrx_word' id='word_1_189' title='bbox 91 3729 164 3790; x_wconf 84' lang='lat' dir='ltr'><strong>peret</strong></span> <span class='ocrx_word' id='word_1_190' title='bbox 190 3727 217 3780; x_wconf 90' lang='lat' dir='ltr'><em>B</em></span> <span class='ocrx_word' id='word_1_191' title='bbox 323 3727 357 3780; x_wconf 79' lang='lat'><strong>12</strong></span> <span class='ocrx_word' id='word_1_192' title='bbox 383 3727 617 3782; x_wconf 88' lang='lat' dir='ltr'><strong>commendatitias</strong></span> <span class='ocrx_word' id='word_1_193' title='bbox 644 3728 685 3794; x_wconf 85' lang='grc' dir='ltr'><strong>Β,</strong></span> <span class='ocrx_word' id='word_1_194' title='bbox 718 3695 929 3785; x_wconf 67' lang='lat' dir='ltr'><strong>sommenmtiu</strong></span> <span class='ocrx_word' id='word_1_195' title='bbox 956 3727 984 3784; x_wconf 81' lang='lat' dir='ltr'><em>L</em></span> <span class='ocrx_word' id='word_1_196' title='bbox 1087 3731 1214 3801; x_wconf 85' lang='lat' dir='ltr'><strong>sperauit]</strong></span> 
     </span>
    </p>
   </div>
   <div class='ocr_carea' id='block_1_9' title="bbox 91 3823 1148 4005">
    <p class='ocr_par' dir='ltr' id='par_1_10' title="bbox 91 3823 1148 4005">
     <span class='ocr_line' id='line_1_29' title="bbox 91 3823 1148 3919; baseline 0.01 -23"><span class='ocrx_word' id='word_1_197' title='bbox 91 3843 249 3914; x_wconf 60' lang='lat' dir='ltr'><strong>emamus</strong></span> <span class='ocrx_word' id='word_1_198' title='bbox 267 3848 313 3902; x_wconf 79' lang='lat' dir='ltr'><strong>ro</strong></span> <span class='ocrx_word' id='word_1_199' title='bbox 401 3849 433 3903; x_wconf 88' lang='lat'><strong>13</strong></span> <span class='ocrx_word' id='word_1_200' title='bbox 451 3851 604 3919; x_wconf 58' lang='lat' dir='ltr'><strong>suspense</strong></span> <span class='ocrx_word' id='word_1_201' title='bbox 621 3850 652 3905; x_wconf 79' lang='lat' dir='ltr'><strong>a</strong></span> <span class='ocrx_word' id='word_1_202' title='bbox 736 3851 875 3907; x_wconf 71' lang='lat' dir='ltr'><strong>semrom</strong></span> <span class='ocrx_word' id='word_1_203' title='bbox 891 3853 920 3908; x_wconf 82' lang='lat' dir='ltr'><strong>s</strong></span> <span class='ocrx_word' id='word_1_204' title='bbox 1010 3851 1043 3905; x_wconf 83' lang='lat'><strong>14</strong></span> <span class='ocrx_word' id='word_1_205' title='bbox 1060 3823 1148 3907; x_wconf 58' lang='lat' dir='ltr'><strong>adn</strong></span> 
     </span>
     <span class='ocr_line' id='line_1_30' title="bbox 92 3930 1011 4005; baseline 0.012 -22"><span class='ocrx_word' id='word_1_206' title='bbox 92 3930 121 3984; x_wconf 83' lang='lat'><strong>15</strong></span> <span class='ocrx_word' id='word_1_207' title='bbox 138 3935 290 4004; x_wconf 78' lang='lat' dir='ltr'><strong>porrigatss</strong></span> <span class='ocrx_word' id='word_1_208' title='bbox 307 3935 337 3990; x_wconf 91' lang='grc' dir='ltr'><strong><em>Β</em></strong></span> <span class='ocrx_word' id='word_1_209' title='bbox 439 3937 473 3990; x_wconf 88' lang='grc'><strong>16</strong></span> <span class='ocrx_word' id='word_1_210' title='bbox 490 3935 651 4005; x_wconf 74' lang='lat' dir='ltr'><strong>praeiudicio</strong></span> <span class='ocrx_word' id='word_1_211' title='bbox 669 3938 697 3993; x_wconf 91' lang='grc' dir='ltr'><strong><em>Β</em></strong></span> <span class='ocrx_word' id='word_1_212' title='bbox 798 3939 831 3994; x_wconf 86' lang='lat' dir='ltr'><strong>l‘l</strong></span> <span class='ocrx_word' id='word_1_213' title='bbox 849 3939 966 3994; x_wconf 79' lang='lat' dir='ltr'><strong>muIItur</strong></span> <span class='ocrx_word' id='word_1_214' title='bbox 982 3939 1011 3994; x_wconf 92' lang='grc' dir='ltr'><strong><em>Β</em></strong></span> 
     </span>
    </p>
   </div>
   <div class='ocr_carea' id='block_1_10' title="bbox 89 4035 1215 4212">
    <p class='ocr_par' dir='ltr' id='par_1_11' title="bbox 89 4035 1215 4212">
     <span class='ocr_line' id='line_1_31' title="bbox 137 4035 1148 4096; baseline 0.006 -6"><span class='ocrx_word' id='word_1_215' title='bbox 137 4035 255 4090; x_wconf 82' lang='lat' dir='ltr'><strong>mm</strong></span> <span class='ocrx_word' id='word_1_216' title='bbox 293 4038 327 4091; x_wconf 84' lang='grc'><strong>19</strong></span> <span class='ocrx_word' id='word_1_217' title='bbox 352 4037 443 4093; x_wconf 83' lang='lat' dir='ltr'><strong>lausto</strong></span> <span class='ocrx_word' id='word_1_218' title='bbox 470 4056 505 4095; x_wconf 73' lang='lat' dir='ltr'><strong>en</strong></span> <span class='ocrx_word' id='word_1_219' title='bbox 531 4041 597 4095; x_wconf 85' lang='lat' dir='ltr'><strong>doro</strong></span> <span class='ocrx_word' id='word_1_220' title='bbox 626 4039 743 4096; x_wconf 65' lang='lat' dir='ltr'><strong>Ver</strong></span> <span class='ocrx_word' id='word_1_221' title='bbox 853 4040 1093 4095; x_wconf 69' lang='lat' dir='ltr'><strong>bledanensem</strong></span> <span class='ocrx_word' id='word_1_222' title='bbox 1119 4041 1148 4096; x_wconf 89' lang='lat' dir='ltr'><strong><em>B</em></strong></span> 
     </span>
     <span class='ocr_line' id='line_1_32' title="bbox 89 4117 1215 4212; baseline 0.004 -35"><span class='ocrx_word' id='word_1_223' title='bbox 89 4117 120 4172; x_wconf 80' lang='lat'><strong>22</strong></span> <span class='ocrx_word' id='word_1_224' title='bbox 136 4122 258 4192; x_wconf 78' lang='lat' dir='ltr'><strong>reqnnea</strong></span> <span class='ocrx_word' id='word_1_225' title='bbox 275 4123 303 4178; x_wconf 94' lang='grc' dir='ltr'><strong><em>Β</em></strong></span> <span class='ocrx_word' id='word_1_226' title='bbox 405 4125 440 4179; x_wconf 78' lang='grc'><strong>23</strong></span> <span class='ocrx_word' id='word_1_227' title='bbox 465 4126 548 4212; x_wconf 79' lang='lat' dir='ltr'><strong>callos</strong></span> <span class='ocrx_word' id='word_1_228' title='bbox 565 4126 593 4181; x_wconf 94' lang='grc' dir='ltr'><strong><em>Β</em></strong></span> <span class='ocrx_word' id='word_1_229' title='bbox 696 4126 809 4196; x_wconf 69' lang='lat' dir='ltr'><strong>exussit!</strong></span> <span class='ocrx_word' id='word_1_230' title='bbox 831 4127 911 4195; x_wconf 89' lang='lat' dir='ltr'><strong>(ussit</strong></span> <span class='ocrx_word' id='word_1_231' title='bbox 928 4127 961 4180; x_wconf 76' lang='lat' dir='ltr'><strong>ie</strong></span> <span class='ocrx_word' id='word_1_232' title='bbox 977 4129 1046 4192; x_wconf 79' lang='lat' dir='ltr'><strong>ras.)</strong></span> <span class='ocrx_word' id='word_1_233' title='bbox 1063 4125 1092 4180; x_wconf 93' lang='grc' dir='ltr'><strong><em>Β</em></strong></span> <span class='ocrx_word' id='word_1_234' title='bbox 1188 4131 1215 4182; x_wconf 84' lang='lat' dir='ltr'><strong>ot</strong></span> 
     </span>
    </p>
   </div>
   <div class='ocr_carea' id='block_1_11' title="bbox 88 4225 1215 4399">
    <p class='ocr_par' dir='ltr' id='par_1_12' title="bbox 88 4225 1215 4399">
     <span class='ocr_line' id='line_1_33' title="bbox 89 4225 1215 4311; baseline 0.005 -33"><span class='ocrx_word' id='word_1_235' title='bbox 89 4237 136 4277; x_wconf 77' lang='lat' dir='ltr'><strong>oss.</strong></span> <span class='ocrx_word' id='word_1_236' title='bbox 158 4225 188 4280; x_wconf 91' lang='grc' dir='ltr'><strong><em>Β</em></strong></span> <span class='ocrx_word' id='word_1_237' title='bbox 292 4225 414 4311; x_wconf 76' lang='lat' dir='ltr'><strong>bomnem</strong></span> <span class='ocrx_word' id='word_1_238' title='bbox 437 4228 466 4282; x_wconf 92' lang='grc' dir='ltr'><strong><em>Β</em></strong></span> <span class='ocrx_word' id='word_1_239' title='bbox 574 4229 783 4298; x_wconf 81' lang='lat' dir='ltr'><strong>disperationem</strong></span> <span class='ocrx_word' id='word_1_240' title='bbox 804 4228 833 4283; x_wconf 93' lang='grc' dir='ltr'><strong><em>Β</em></strong></span> <span class='ocrx_word' id='word_1_241' title='bbox 941 4229 1133 4299; x_wconf 76' lang='lat' dir='ltr'><strong>pnempitauti</strong></span> <span class='ocrx_word' id='word_1_242' title='bbox 1156 4231 1215 4299; x_wconf 81' lang='lat' dir='ltr'><strong>(oli.</strong></span> 
     </span>
     <span class='ocr_line' id='line_1_34' title="bbox 88 4323 532 4399; baseline 0.005 -17"><span class='ocrx_word' id='word_1_243' title='bbox 88 4323 144 4382; x_wconf 77' lang='lat' dir='ltr'><strong>in&#39;n</strong></span> <span class='ocrx_word' id='word_1_244' title='bbox 160 4329 230 4399; x_wconf 84' lang='lat' dir='ltr'><strong>ros.)</strong></span> <span class='ocrx_word' id='word_1_245' title='bbox 247 4329 275 4384; x_wconf 93' lang='grc' dir='ltr'><strong><em>Β</em></strong></span> <span class='ocrx_word' id='word_1_246' title='bbox 377 4327 487 4384; x_wconf 85' lang='lat' dir='ltr'><strong>diabulo</strong></span> <span class='ocrx_word' id='word_1_247' title='bbox 504 4331 532 4384; x_wconf 93' lang='grc' dir='ltr'><strong><em>Β</em></strong></span> 
     </span>
    </p>
   </div>
   <div class='ocr_carea' id='block_1_12' title="bbox 0 0 1472 4934">
    <p class='ocr_par' dir='ltr' id='par_1_13' title="bbox 0 0 1472 4934">
     <span class='ocr_line' id='line_1_35' title="bbox 0 0 1472 4934; baseline 0 2"><span class='ocrx_word' id='word_1_248' title='bbox 0 0 1472 4934; x_wconf 95' lang='lat' dir='ltr'><strong> </strong></span> 
     </span>
    </p>
   </div>
  </div>
 </body>
</html>
