2934 4934
260 375 323 445 242
618 377 733 447 Magni
750 377 879 434 Felioia
896 377 1028 434 Ennoti

258 573 373 638 onos
406 569 631 637 noeoonrous
661 571 839 638 mmm:
875 571 993 637 aanor
1025 569 1106 636 mm
1132 572 1215 654 qnod
1237 549 1386 652 mmai,

258 669 390 758 quodsi
412 691 530 741 mereor
552 675 639 758 sequi
662 673 804 750 debeam,
830 675 866 739 in
883 675 1003 740 nostrie
1022 672 1169 741 sensibus
1191 674 1342 742 inuenire.

748 880 887 948 XVIIII.

624 1005 809 1075 aanooovs
835 1014 1013 1076 nomio.

293 1141 399 1230 Longo
423 1144 548 1226 animus
570 1161 658 1208 meus
680 1144 829 1229 pependit
851 1143 981 1222 moorto,
1010 1145 1118 1210 ntnrm
1140 1162 1196 1228 pro
1217 1139 1384 1226 diligentia
1406 1161 1420 1201 s

250 1245 382 1312 notitiae
403 1246 524 1311 nestrae
547 1246 673 1312 ianuam
695 1246 870 1330 scriptionis
891 1245 1020 1313 amabili
1041 1247 1297 1333 praesumptione
1311 1245 1383 1328 pol·

250 1367 352 1414 sarem
375 1353 406 1415 et
428 1348 681 1415 excellentissimi
697 1348 834 1414 hominis
848 1369 904 1434 per
919 1350 1005 1415 huno
1019 1349 1131 1416 callem
1145 1350 1255 1435 peetus
1277 1349 1384 1433 ingro-

249 1453 338 1518 derer
353 1468 463 1535 anper
478 1450 620 1518 homines
636 1456 757 1517 nestros
771 1470 853 1535 uaga
866 1452 1056 1518 salutatione
1071 1453 1235 1519 eontentio
1249 1453 1382 1530 semota,

249 1554 360 1638 quibus
383 1553 567 1638 obsidebar,
598 1551 829 1637 irrumperem,
853 1555 928 1638 qnia
948 1556 1036 1620 nisos
1059 1555 1139 1622 mihi
1159 1558 1209 1621 est
1230 1572 1292 1619 non
1314 1571 1382 1618 esee

248 1661 281 1724 in
303 1657 466 1724 hominum
488 1675 619 1724 numero
642 1658 860 1740 computandus
889 1677 983 1741 quem
1009 1659 1175 1725 hominum
1196 1656 1381 1741 potissimos
1390 1675 1416 1714 ιο

247 1763 413 1846 ignoraret.
459 1764 491 1827 et
524 1755 618 1843 plane
650 1756 700 1826 illi
732 1780 789 1827 neo
821 1779 922 1827 moros
955 1765 1130 1847 suggerunt
1152 1759 1301 1827 fidumam
1322 1777 1381 1826 neo

247 1867 371 1946 natura,
401 1865 455 1947 qui
477 1864 512 1930 in
534 1882 604 1930 aree
624 1864 735 1930 looatio
757 1863 969 1942 abooondim
990 1863 1082 1930 nobie
1103 1864 1278 1948 praecipue,
1302 1881 1380 1948 qnos

247 1971 378 2050 uterque
399 1965 482 2035 orbis
505 1967 607 2032 amioa
630 1970 662 2031 ot
684 1968 769 2034 sooia
790 1965 973 2034 diuersitate
994 1966 1213 2051 oonpleotitnr,
1234 1983 1314 2049 quoe
1326 1965 1380 2032 olei

246 2069 343 2135 timor
363 2069 487 2154 gratiae
504 2087 581 2138 euao
594 2072 748 2136 eomitate
761 2070 905 2136 firmatos
917 2069 993 2135 feeit
1007 2069 1073 2136 iam
1086 2069 1241 2136 honorum
1254 2087 1380 2136 samma

247 2171 358 2257 largiri
390 2174 432 2252 et
455 2173 495 2238 ad
529 2173 611 2257 qood
643 2172 697 2238 nir
728 2174 887 2257 praecipui
908 2173 1135 2256 perducuntur,
1160 2173 1203 2239 ad
1221 2172 1415 2258 opinionisre

133 2261 139 2274 ’
249 2275 381 2358 gloriam
404 2275 479 2343 dare
500 2275 658 2342 subiectis.
683 2277 834 2343 hadardi
848 2278 925 2342 sont
939 2278 1055 2361 apioes,
1069 2277 1126 2343 sed
1139 2277 1182 2343 ao
1195 2294 1248 2342 eos
1263 2276 1378 2344 enoore

245 2379 382 2446 marimo
403 2379 456 2446 uir
478 2379 615 2447 renitor.
638 2383 719 2465 quod
731 2385 848 2446 'tomen
870 2379 1004 2446 feliciter
1017 2381 1139 2460 motam
1160 2379 1214 2460 eit,
1237 2381 1272 2446 et
1293 2381 1377 2446 inter

245 2499 376 2548 munera
391 2484 499 2550 uestra
513 2485 588 2549 eunt
603 2484 752 2550 eulmina.
776 2501 850 2566 ergo
860 2484 1002 2549 minione
1012 2483 1195 2550 reuerentior
1209 2483 1378 2566 epistolam

247 2587 408 2653 breuitate
429 2587 588 2668 oonoiudo
611 2607 650 2654 ne
675 2591 749 2654 anto
762 2586 976 2671 dignationem
995 2590 1135 2652 notram
1157 2587 1303 2653 uideatur
1323 2588 1376 2652 in·

244 2694 379 2772 portuno
394 2689 545 2758 laudatio.
567 2689 664 2757 latius
676 2692 749 2774 poet
762 2707 949 2774 responsum
959 2688 1116 2773 paginale,
1132 2688 1213 2772 qnod
1224 2688 1413 2767 moritorum

241 2795 322 2876 quod
335 2794 495 2876 potentiae
510 2796 635 2861 neonae
649 2794 807 2874 conuenit,
822 2793 912 2859 eritis
928 2793 1045 2859 mundo
1059 2811 1183 2860 meonm
1193 2792 1375 2858 adtestante

240 2897 362 2964 leotari.

768 3033 840 3103 XX.

595 3171 780 3228 nnnoorvs
799 3171 1013 3230 nasoaooaa

281 3291 322 3358 lit
349 3311 401 3358 me
424 3310 547 3376 sperare
576 3295 658 3377 qood
680 3293 771 3376 pium
792 3296 841 3362 est
863 3297 895 3358 et
917 3311 973 3360 uos
994 3295 1083 3360 dooet
1104 3295 1251 3360 mouere
1294 3309 1412 3358 namn
1434 3296 1436 3373 l

237 3393 413 3479 oiepnntus
442 3397 503 3463 uiis
532 3400 570 3464 ad
600 3415 698 3463 unum
727 3397 824 3463 finem
849 3399 1076 3463 remuneranda
1098 3397 1200 3463 tendit
1222 3396 1372 3463 intentio.

288 3611 473 3689 reumate
768 3643 773 3656 ·
1431 3618 1432 3681 i

286 3733 406 3792 xima
442 3735 686 3792 oaxerououmr
711 3737 771 3792 Β·
840 3739 951 3809 equa]
969 3739 1017 3808 qur
1035 3738 1063 3793 1,
1165 3739 1242 3794 mue
1258 3739 1372 3807 eropus,
1429 3694 1431 3787 i

233 3825 323 3880 uionrn
348 3824 415 3880 iatri
525 3824 556 3878 11
583 3825 660 3893 pleno
687 3823 715 3879 Β
818 3823 942 3882 fidutiam
968 3826 996 3880 Β
1106 3825 1140 3882 12
1165 3825 1246 3880 arche
1271 3824 1300 3880 Β

233 3917 351 4000 112me
443 3943 599 4014 praecipuae
617 3943 645 3999 Β
751 3945 783 3999 13
800 3945 903 4032 sociae
921 3945 949 4000 Β
1046 3961 1115 4015 quos
1132 3947 1158 4014 (a
1174 3945 1207 4000 iso
1220 3961 1279 4001 roo.
1295 3947 1374 4014 uid)

235 4050 265 4114 Τ,
293 4049 366 4118 qnod
382 4048 465 4106 ἅνω.
569 4049 603 4104 14
619 4051 683 4107 tuoe
697 4049 728 4109 Β
823 4049 955 4109 bonorum
972 4047 1016 4104 Po
1121 4049 1153 4104 15
1169 4063 1237 4122 qno·
1255 4047 1301 4104 Po

233 4135 382 4204 perdnernt
399 4139 438 4204 (er
455 4149 490 4192 ea
506 4151 550 4189 rao
568 4138 651 4204 oorr.)
669 4135 697 4194 Β
800 4135 928 4204 opilionis
944 4134 974 4191 L
1076 4135 1112 4189 20
1128 4134 1200 4205 qnod
1218 4150 1256 4190 na
1276 4152 1306 4206 q.
1324 4151 1374 4206 po-

232 4223 332 4276 tentiae
350 4222 377 4277 L
394 4239 416 4280 a.
434 4223 452 4278 1.
555 4221 587 4276 21
607 4223 687 4280 orites
706 4223 733 4278 Β
837 4221 872 4276 22
890 4221 985 4276 leotari
1001 4220 1029 4277 Β

283 4323 341 4380 XX.
376 4325 411 4380 25
431 4325 502 4380 deoit
520 4325 548 4381 Β
