2934 4934
232 401 319 450 XXVI

231 574 359 650 stactes.
396 570 489 652 atque
520 569 668 652 grauibus
691 569 876 634 Mommseni
904 567 1057 634 iudicium
1086 572 1279 652 argumentis
1309 571 1361 634 in-

230 675 292 740 niti
328 693 389 739 nou
424 675 613 757 negauerim.
659 691 732 738 nam
766 672 794 738 si
831 672 901 754 quis
935 675 1074 739 carmina
1110 691 1146 736 er
1179 672 1361 737 Ennodiano

231 779 338 842 codice
367 777 401 842 iu
424 777 564 860 syllogen
594 776 846 856 antiquissimam
868 775 1021 857 migrasse
1042 776 1220 857 sumpserit,
1250 777 1290 841 ad
1311 777 1361 841 iu·

231 879 424 960 tellegenrlas
447 881 597 946 maximus
619 878 691 944 illas
715 879 951 961 increpandas,
974 897 1106 961 quarum
1136 878 1188 943 uix
1216 897 1277 944 uua
1304 881 1362 943 eut

231 985 331 1049 altera
354 982 606 1048 Euucdiancrum
628 981 782 1046 librorum
805 982 959 1046 uarietate
980 981 1160 1064 explicetur,
1191 999 1254 1046 nen
1276 982 1361 1046 mul·

230 1089 299 1153 tum
321 1086 470 1168 proficiet.
493 1103 592 1169 neque
615 1085 674 1150 bac
695 1085 817 1151 ratione
831 1085 1036 1151 difficultates
1053 1085 1190 1166 expediri
1206 1087 1239 1149 et
1254 1085 1360 1150 diuer-

231 1191 390 1256 sissimam
419 1189 583 1272 utriusque
611 1189 802 1256 recensionis
833 1188 966 1253 formam
988 1187 1134 1272 explicari
1156 1205 1245 1270 posse
1266 1191 1362 1269 puta-

231 1296 341 1370 uerim,
364 1296 400 1356 ut
422 1292 598 1358 Eunodium
621 1293 724 1373 ipsum
748 1291 800 1356 uel
827 1292 929 1357 nescio
951 1309 1044 1373 quem
1067 1292 1174 1367 alium,
1199 1309 1270 1356 cum
1293 1293 1361 1373 epi-

231 1400 407 1482 grammata
429 1395 689 1477 insculperentur,
712 1414 748 1460 es
769 1395 957 1460 rebactasse
977 1395 1159 1471 credamus3
1191 1398 1299 1460 contra
1320 1414 1361 1459 ea

231 1520 267 1566 ex
288 1501 399 1566 misere
434 1499 576 1581 lapidum
609 1498 729 1577 habitu,
763 1517 857 1580 quem
878 1502 1056 1580 corruptam
1090 1501 1211 1580 antiqui
1246 1497 1360 1565 codicis

96 1657 100 1670 .
230 1603 442 1670 condicionem
454 1601 723 1686 aequare'uecessc
736 1607 812 1680 erat,
828 1607 861 1667 et
873 1602 1067 1668 inmoderata
1077 1603 1218 1667 uirorum
1231 1602 1363 1668 illorum

229 1708 263 1773 in
286 1706 503 1772 constituenda
532 1707 671 1772 oratioue
701 1708 944 1791 supplendisque
973 1706 1112 1772 hiatibus
1141 1706 1270 1771 audaeia
1299 1707 1362 1771 ali-

230 1814 346 1894 quanto
368 1809 490 1876 facilius
515 1811 618 1875 enasci
640 1809 757 1890 potuit.
785 1811 834 1874 bis
853 1811 936 1875 enim
951 1809 1057 1874 uerbis
1072 1811 1287 1875 Mommsenus
1301 1809 1362 1873 Al-

230 1913 303 1978 ciati
324 1912 493 1994 imaginem
520 1912 719 1978 adumbrauit
744 1914 788 1995 (p.
811 1913 906 1994 627):
934 1913 988 1977 ubi
1011 1912 1107 1995 legere
1130 1913 1247 1996 umuli,
1268 1930 1363 1992 saepe

228 2017 376 2092 diuiuai,
404 2015 511 2080 hiatus
533 2020 638 2080 aulem
659 2036 727 2081 aaa
748 2021 817 2080 iam
837 2017 939 2097 capiet
959 2018 1137 2081 ccuicciura
1162 2035 1259 2097 quam
1280 2015 1364 2079 celat

229 2124 257 2184 ct
279 2120 391 2201 aliqua
413 2123 480 2184 arte
502 2118 670 2196 abscondit,
693 2125 729 2184 at
751 2120 838 2184 tituli
860 2121 940 2184 lectu
959 2119 1157 2203 difficiliores
1177 2138 1255 2200 quos
1275 2137 1362 2182 acce·

223 2223 336 2303 pimus
364 2223 404 2288 ab
431 2243 496 2288 uuo
518 2224 646 2288 Alciato
671 2223 859 2305 plerumque
891 2223 1061 2307 ducendi
1093 2224 1159 2288 siut
1190 2223 1274 2286 iuter
1305 2222 1363 2284 iu-

229 2325 403 2403 sanabiles,
426 2329 519 2409 stque
541 2345 578 2390 es
599 2345 670 2392 cum
694 2328 868 2392 carminum
890 2327 1001 2410 forms,
1029 2347 1123 2410 quam
1144 2325 1265 2408 sylloge
1286 2343 1362 2407 prae

230 2449 262 2496 se
292 2428 362 2509 fert,
391 2431 532 2513 apprime
560 2429 713 2510 conuenit,
748 2431 829 2512 quod
865 2431 942 2496 haec
975 2431 1114 2514 exempla
1148 2432 1362 2496 demonstrare

229 2535 374 2616 possunt:
407 2531 560 2610 01179,
588 2534 608 2599 6
641 2533 791 2598 disseruit
818 2534 950 2616 populis
983 2535 1131 2617 hamata
1163 2554 1249 2598 cassa
1276 2552 1365 2613 puer

232 2641 330 2720 (caua
344 2656 381 2717 p.
399 2657 435 2716 p.
459 2636 490 2700 d.
513 2637 663 2702 disseruit
692 2638 807 2720 cedd),
830 2639 882 2715 80,
907 2638 925 2703 l
951 2638 1095 2721 Tigridis
1123 2643 1278 2704 extremae
1299 2655 1363 2719 po-

229 2745 314 2806 tator
345 2740 493 2804 Marcius
521 2740 626 2805 audac
652 2740 818 2822 (Marcius
836 2761 863 2806 c.
879 2763 915 2822 p.
941 2741 1085 2824 Tigridis
1111 2742 1217 2806 uudcc
1246 2741 1362 2826 cedd),

230 2845 284 2911 ubi
319 2844 415 2910 uerba
437 2845 557 2910 incuria
586 2844 718 2909 fortasse
744 2846 949 2928 transposuit,
972 2846 1023 2928 79,
1048 2844 1089 2908 10
1110 2845 1247 2910 deibus
1272 2843 1364 2909 baud

230 2950 335 3014 deerat
349 2949 440 3014 lactis
451 2948 611 3030 apostolici
626 2949 702 3030 (aaa
716 2948 823 3012 decrat
831 2953 947 3028 pasius
961 2948 1054 3013 lactis
1068 2949 1234 3030 apostolici
1245 2949 1363 3030 codd),

230 3053 281 3130 87,
300 3051 341 3116 10
361 3051 462 3116 haesit
483 3052 526 3116 ad
548 3052 729 3132 adspectum
753 3053 886 3117 lumiais
900 3053 1032 3118 durius
1050 3053 1091 3137 (b.
1105 3073 1136 3117 a.
1151 3073 1182 3116 a.
1198 3052 1364 3133 lampadis

229 3175 261 3222 a.
277 3154 377 3237 codd.)
403 3157 529 3237 prepter
550 3156 675 3221 insolita
698 3159 815 3235 pastus
836 3160 869 3220 et
891 3155 1052 3237 lampadis
1066 3156 1220 3222 uocabula
1234 3157 1366 3222 licentia

229 3260 352 3324 mutere
375 3259 487 3341 potuit,
510 3277 590 3341 quse
611 3262 727 3340 quanta
749 3260 793 3325 sit
814 3259 962 3325 carminis
977 3261 1021 3325 80
1034 3279 1144 3326 uersus
1158 3260 1243 3326 4—s
1257 3260 1364 3327 decla-

230 3368 318 3440 rant,
346 3379 421 3445 quos
444 3363 621 3427 Ennodianc
653 3364 756 3428 colore
783 3363 922 3446 insigues
948 3364 1022 3429 libri
1043 3365 1088 3429 sic
1111 3363 1273 3430 exhibent:

491 3463 624 3530 Ordilur
645 3469 751 3531 musa
772 3465 894 3531 delibes
915 3468 1105 3551 iauumais,

384 3568 530 3652 Pcruigil
554 3569 692 3634 iulcuius
714 3570 841 3634 ieiunius
859 3570 1018 3650 prouidus
1039 3570 1172 3635 ardeus:

490 3671 578 3754 Quod
599 3691 715 3736 morem
736 3673 838 3738 tenuit
859 3678 909 3738 sal
930 3673 995 3754 suit
1016 3673 1129 3756 officia.

390 3773 431 3840 Os
453 3780 594 3840 teucrum
616 3775 758 3856 quotieas
778 3780 889 3859 ausus
910 3777 1065 3858 ccutiuod
1085 3777 1217 3854 uocaui,

490 3879 625 3943 Transit
647 3879 690 3944 ad
712 3879 871 3962 adfectum
891 3879 973 3961 quod
993 3881 1057 3962 suit
1078 3880 1216 3960 imperii.

724 4001 868 4066 Alcictus

485 4102 622 4168 Dolibus
643 4104 825 4168 iuaumeris
845 4103 1084 4185 conspiciendus
1105 4107 1183 4181 crat,

386 4205 530 4290 Pcruiqil
552 4207 695 4272 intentus
716 4207 845 4272 icium
860 4207 1021 4288 praecidas
1042 4208 1159 4271 ardeus

492 4309 604 4392 Officio
625 4315 718 4391 atquc
740 4311 828 4373 omui
849 4311 954 4374 maior
974 4309 1089 4374 douae
1104 4315 1208 4391 pater.
