2934 4934
1138 435 1239 485 Lvnu

107 606 264 686 proposui,
287 605 442 672 tentanda
462 621 523 670 non
546 604 682 684 luerunt,
714 623 785 672 oum
808 606 861 671 uia
884 623 977 688 quam
1000 605 1057 672 ille
1079 605 1237 689 ingressus

106 711 150 772 est
183 707 287 789 culpis
321 707 438 774 referta
470 709 553 775 recte
587 707 720 775 dicatur.
745 745 785 756 -
808 709 883 787 485,
912 710 933 774 9
965 707 1172 793 mer<o>cris.
1198 742 1235 761 «-

104 810 176 888 488,
203 811 245 876 16
259 811 411 894 quiequid
425 830 489 876 mon
503 811 582 876 dare
592 811 774 892 praesentes,
798 831 854 877 eeu
869 810 1102 897 <s)imcer(om>
1118 829 1237 877 munros

104 917 253 996 computo,
276 915 306 980 si
327 913 450 980 dedisti.
482 932 560 997 quae
584 915 700 980 maiore
722 915 851 983 uulnus
867 914 993 982 addicta
1007 934 1073 981 esse
1094 916 1236 982 codicum

103 1017 332 1100 discrepantiae
354 1021 508 1098 arguunt,
539 1033 670 1099 qnorum
692 1018 719 1082 B
742 1035 798 1082 eeu
818 1018 941 1085 omittit
962 1023 994 1084 ot
1016 1020 1238 1084 inatemnmaos

12 1197 13 1200 Ἴ
103 1119 239 1204 exhibet,
262 1120 377 1202 reliqui
399 1139 454 1186 eeu
475 1119 678 1184 intermunus
700 1122 862 1202 praestant
887 1121 940 1204 (cf.
963 1122 1033 1201 106,
1049 1121 1093 1186 24
1106 1121 1236 1203 simper).

101 1226 260 1290 sententia
274 1223 443 1290 manifesta
458 1225 514 1303 est,
531 1223 563 1287 id
580 1225 705 1290 demum
722 1242 832 1289 uerum
845 1241 960 1292 munus
975 1225 1048 1304 dici,
1068 1223 1152 1308 quod
1166 1225 1236 1308 quis

12 1315 13 1340 i
100 1345 172 1392 curn
189 1345 303 1409 negare
319 1326 466 1408 potuerit,
483 1327 729 1404 mmeramme,
752 1345 831 1409 quae
846 1345 940 1411 snpra
953 1329 1000 1396 ita
1012 1345 1157 1410 expresse
1172 1331 1236 1394 est:

100 1429 184 1511 pund
207 1448 274 1492 mom
297 1429 368 1494 ticet
388 1429 532 1494 srebtrobi
554 1450 618 1495 aon
638 1450 806 1512 possumus
828 1431 931 1497 eiicere
953 1430 1144 1498 bberolitme
1164 1450 1236 1498 eou-

12 1585 13 1594 ,
98 1532 187 1616 ferri.
214 1533 247 1596 et
268 1531 326 1597 hnc
348 1533 385 1597 de
409 1551 505 1600 cansa
525 1539 557 1599 et
579 1535 652 1617 quio
673 1535 830 1616 particula
843 1553 908 1613 ceo,
932 1553 1026 1618 qnam
1041 1537 1075 1601 in
1092 1535 1236 1619 Bpotius

12 1683 13 1710 ,
99 1655 173 1702 casu
193 1637 343 1702 omissam
359 1654 453 1720 quam
468 1637 500 1702 in
516 1636 646 1722 reliquis
662 1636 752 1702 libris
767 1637 896 1704 consilio
912 1639 1066 1705 adiectam
1082 1656 1148 1704 osse
1163 1658 1235 1724 pro·

99 1738 241 1805 babillus
272 1744 329 1817 est,
357 1741 431 1806 reici
460 1740 579 1824 nequit,
609 1740 784 1807 accuratior
804 1741 943 1807 muneris
966 1738 1104 1808 definitio
1127 1741 1233 1824 requi·

99 1848 190 1910 ritnr.
231 1843 326 1908 uerba
348 1846 432 1916 enirn
454 1844 540 1908 inter
560 1862 678 1910 munos
699 1850 873 1925 computare
894 1845 977 1926 qood
998 1845 1115 1910 dedisti
1135 1844 1234 1910 simili

98 1945 244 2027 exemplo
267 1946 346 2030 quod
369 1945 472 2012 Germ.
497 1947 512 2012 l
537 1947 566 2024 7,
589 1947 630 2011 67
653 1947 770 2032 legitur
793 1948 971 2031 thyrambos
993 1949 1078 2013 ister
1100 1947 1232 2014 triaiole

97 2071 247 2116 murreus
263 2049 400 2131 pendere
422 2051 500 2115 setis
522 2050 775 2116 defenderentur.
791 2088 833 2099 -
847 2052 921 2132 492,
945 2053 965 2118 9
983 2052 1086 2138 (riom)
1104 2051 1231 2117 debitor.

96 2193 138 2202 -
154 2156 229 2234 493,
258 2155 293 2218 11
317 2155 363 2218 sie
381 2153 546 2238 <sc>imus
580 2157 633 2220 sed
656 2155 775 2220 rectius
797 2155 823 2220 Τ
846 2157 926 2222 m.2
946 2156 1064 2221 seimon
1079 2156 1233 2222 restitnit.

96 2277 173 2324 nam
200 2258 248 2325 sie
275 2257 420 2324 abundat.
444 2293 486 2304 -
508 2257 582 2334 491,
608 2257 647 2322 13
675 2276 731 2322 nos
760 2261 891 2338 raptam
913 2260 1008 2340 patri
1036 2258 1232 2345 oe<rai>eem

100 2361 248 2442 (patriae
263 2379 326 2424 cera
344 2361 379 2440 B,
397 2361 529 2442 patriae
544 2360 638 2443 rell),
662 2379 720 2424 mos
733 2359 879 2424 scelerati
892 2362 954 2425 iter
973 2361 1175 2428 ostendimus.
1191 2397 1233 2408 -

97 2464 172 2536 502,
197 2464 219 2528 2
241 2463 278 2528 im
296 2459 452 2548 temero<e)
468 2463 583 2528 aetatis
592 2463 793 2546 primordiis.
809 2499 852 2512 ·-
867 2464 940 2543 502,
962 2465 985 2530 4
1006 2464 1100 2530 uideo
1116 2463 1234 2530 Troiae

95 2569 258 2650 [morantis
292 2566 417 2632 excidia
455 2571 483 2631 et
520 2565 593 2652 <de)
631 2570 716 2632 stata
754 2587 824 2635 eom
859 2570 1004 2632 mromcate
1040 2567 1232 2634 subtmrsom.

96 2671 247 2737 Schottus
285 2673 372 2736 stota
407 2668 438 2734 in
472 2669 539 2752 fato
577 2669 720 2736 correxit.
760 2669 890 2736 fortasse
923 2671 1004 2734 nihil
1035 2672 1232 2736 mutandum.

95 2777 201 2840 statos
224 2773 308 2838 enim
335 2775 439 2838 locum
468 2771 522 2838 nbi
553 2773 646 2838 Troia
676 2772 738 2840 fuit
766 2773 933 2856 significet
972 2774 1091 2850 Troiae,
1122 2774 1233 2856 inquit,

97 2877 253 2943 excidium
296 2876 443 2958 urbisque
485 2875 653 2942 subuersae
695 2877 860 2942 manentes
902 2879 1008 2942 ruinas
1051 2878 1152 2944 uideo.
1193 2915 1232 2926 -

97 2979 171 3058 504,
205 2980 245 3044 16
274 2978 418 3044 manerii
441 2978 552 3065 (mit).
588 2979 627 3044 oi.
652 2977 699 3046 St.
726 2979 760 3046 V.
785 2979 979 3044 11250-
1001 2979 1073 3058 505,
1104 2979 1126 3044 4
1156 2981 1232 3065 <aec

96 3081 280 3148 Dardanas
310 3081 450 3166 auctor),
481 3100 560 3164 quae
586 3099 648 3148 non
678 3081 904 3149 interciderunt
926 3083 959 3146 iu
981 3083 1149 3165 codicibus,
1178 3083 1233 3150 sed

97 3204 206 3252 narsus
236 3184 275 3249 ab
305 3187 430 3250 auclore
452 3201 513 3250 nou
536 3185 626 3266 plene
650 3186 826 3267 descriptus
849 3187 925 3250 erat.
961 3189 1070 3251 eontra
1091 3186 1164 3266 214,
1191 3186 1229 3250 ll

13 3325 14 3338 .
96 3293 199 3356 totum
222 3305 350 3354 uersum
366 3289 406 3354 ab
428 3287 566 3354 Ennodio
589 3292 750 3372 receptum
773 3287 869 3354 luisse
890 3290 923 3352 et
943 3286 1082 3353 babemus
1104 3289 1230 3356 interei-

96 3393 176 3460 disso
209 3390 403 3476 probabilius
432 3393 490 3476 est,
520 3409 709 3474 quemqnam
732 3392 772 3457 ad
794 3410 862 3456 rem
883 3393 1168 3475 demonstrandam,
1192 3391 1231 3460 de

97 3515 157 3578 qne
179 3497 227 3562 ibi
252 3495 367 3577 egitur,
390 3493 649 3578 penthemimeres
671 3495 717 3558 sie
737 3493 830 3576 fatur
852 3494 1029 3561 lacrimans
1044 3494 1229 3560 sufficiebat.

98 3636 134 3648 -
160 3599 238 3676 506,
265 3599 281 3662 1
309 3617 389 3680 puae
418 3597 548 3682 eloquor
569 3598 682 3681 nescio,
708 3596 847 3681 (meio)
873 3618 954 3680 puae
974 3597 1167 3680 relinquam.
1189 3635 1232 3648 -

13 3751 14 3756 .
97 3700 118 3766 C
140 3703 157 3766 Ι
181 3701 213 3784 5,
239 3702 281 3767 25
309 3701 492 3780 reddebant,
517 3700 662 3789 <t>urbis
687 3701 813 3782 peperit
840 3722 920 3783 puae
948 3721 1068 3783 semper
1093 3701 1230 3767 Auerni.

13 3795 14 3804 ’
97 3805 132 3870 de
167 3823 229 3871 usn
265 3804 409 3872 uocabull
446 3803 554 3868 borboe
587 3804 625 3870 cf.
655 3805 720 3871 ind.
750 3824 775 3872 s.
802 3825 830 3870 n.
862 3809 1026 3870 turim-
1051 3803 1229 3887 cluss

13 3935 14 3938 “
97 3913 199 3974 nesam
237 3907 317 3990 (inm
347 3908 410 3972 seio
438 3908 541 3988 codd.)
576 3906 715 3973 Castalii
748 3928 808 3989 pao
841 3928 889 3973 me
921 3906 1069 3974 traxistis
1101 3925 1230 3973 amores.

96 4013 196 4077 nescit
229 4011 315 4076 enim
348 4014 439 4093 poete
466 4027 525 4094 qno
553 4011 656 4078 furore
686 4011 792 4076 diuino
822 4011 970 4094 abreptus
993 4011 1045 4074 sit.
1084 4009 1118 4076 in
1141 4010 1232 4076 initio

97 4133 205 4180 uersus
229 4113 355 4180 facilius
378 4114 473 4180 etiem
496 4114 619 4200 syllaba
648 4115 732 4198 prior
761 4114 919 4180 intercidit
942 4114 1083 4196 falseque
1106 4113 1232 4178 adiecta

97 4225 219 4285 181-
244 4215 267 4283 0
291 4217 306 4282 Ι
334 4219 380 4292 lb,
405 4218 422 4285 l
447 4218 483 4282 io
504 4238 600 4284 corae
626 4219 676 4283 mit
698 4219 806 4282 carons
831 4216 962 4304 <r>epit
998 4219 1072 4281 dum
1095 4217 1232 4284 Ambro-

14 4357 16 4398 ,
96 4320 158 4386 sius
181 4319 277 4399 uiuit,
303 4321 383 4388 nihil
405 4319 535 4387 humani
558 4322 695 4387 mentem
719 4323 787 4388 eius
803 4321 921 4404 subigit
937 4323 969 4385 et
984 4317 1149 4404 gubernat,
1174 4320 1229 4384 sed
