<?xml version="1.0" encoding="UTF-8"?>
<!DOCTYPE html PUBLIC "-//W3C//DTD XHTML 1.0 Transitional//EN"
    "http://www.w3.org/TR/xhtml1/DTD/xhtml1-transitional.dtd">
<html xmlns="http://www.w3.org/1999/xhtml" xml:lang="en" lang="en">
 <head>
  <title>
</title>
<meta http-equiv="Content-Type" content="text/html;charset=utf-8" />
  <meta name='ocr-system' content='tesseract 3.04.00' />
  <meta name='ocr-capabilities' content='ocr_page ocr_carea ocr_par ocr_line ocrx_word'/>
</head>
<body>
  <div class='ocr_page' id='page_1' title='image "./corpusscriptoru13wissgoog_0449.png"; bbox 0 0 2934 4934; ppageno 0'>
   <div class='ocr_carea' id='block_1_1' title="bbox 413 355 1241 432">
    <p class='ocr_par' dir='ltr' id='par_1_1' title="bbox 413 355 1241 432">
     <span class='ocr_line' id='line_1_1' title="bbox 413 355 1241 432; baseline -0.001 -20"><span class='ocrx_word' id='word_1_1' title='bbox 413 355 528 428; x_wconf 79' lang='lat' dir='ltr'>Oprsa</span> <span class='ocrx_word' id='word_1_2' title='bbox 546 357 600 414; x_wconf 90' lang='lat'>111.</span> <span class='ocrx_word' id='word_1_3' title='bbox 617 358 699 414; x_wconf 80' lang='lat' dir='ltr'>Vita</span> <span class='ocrx_word' id='word_1_4' title='bbox 716 357 748 412; x_wconf 88' lang='grc' dir='ltr'>Β.</span> <span class='ocrx_word' id='word_1_5' title='bbox 766 355 944 428; x_wconf 77' lang='lat' dir='ltr'>Epipbaui.</span> <span class='ocrx_word' id='word_1_6' title='bbox 1176 361 1241 432; x_wconf 71' lang='lat'>355</span> 
     </span>
    </p>
   </div>
   <div class='ocr_carea' id='block_1_2' title="bbox 70 547 1338 3126">
    <p class='ocr_par' dir='ltr' id='par_1_2' title="bbox 70 547 1338 3126">
     <span class='ocr_line' id='line_1_2' title="bbox 108 547 1239 636; baseline -0.001 -18"><span class='ocrx_word' id='word_1_7' title='bbox 108 551 196 620; x_wconf 88' lang='lat' dir='ltr'>unde</span> <span class='ocrx_word' id='word_1_8' title='bbox 224 548 365 634; x_wconf 71' lang='lat' dir='ltr'>singulos</span> <span class='ocrx_word' id='word_1_9' title='bbox 396 548 481 617; x_wconf 81' lang='lat' dir='ltr'>uitae</span> <span class='ocrx_word' id='word_1_10' title='bbox 508 547 651 616; x_wconf 80' lang='lat' dir='ltr'>flosculos</span> <span class='ocrx_word' id='word_1_11' title='bbox 682 549 840 632; x_wconf 88' lang='lat' dir='ltr'>deoerpsit</span> <span class='ocrx_word' id='word_1_12' title='bbox 859 567 896 615; x_wconf 84' lang='lat' dir='ltr'>er</span> <span class='ocrx_word' id='word_1_13' title='bbox 919 552 1080 632; x_wconf 81' lang='lat' dir='ltr'>omuibus,</span> <span class='ocrx_word' id='word_1_14' title='bbox 1108 567 1185 636; x_wconf 87' lang='lat' dir='ltr'>quos</span> <span class='ocrx_word' id='word_1_15' title='bbox 1205 550 1239 617; x_wconf 95' lang='lat' dir='ltr'>in</span> 
     </span>
     <span class='ocr_line' id='line_1_3' title="bbox 107 651 1239 738; baseline 0.001 -16"><span class='ocrx_word' id='word_1_16' title='bbox 107 673 143 722; x_wconf 88' lang='lat' dir='ltr'>se</span> <span class='ocrx_word' id='word_1_17' title='bbox 167 654 240 722; x_wconf 89' lang='lat' dir='ltr'>boni</span> <span class='ocrx_word' id='word_1_18' title='bbox 271 651 423 736; x_wconf 79' lang='lat' dir='ltr'>germinis</span> <span class='ocrx_word' id='word_1_19' title='bbox 457 651 557 719; x_wconf 89' lang='lat' dir='ltr'>fomes</span> <span class='ocrx_word' id='word_1_20' title='bbox 588 652 739 719; x_wconf 85' lang='lat' dir='ltr'>insereret</span> <span class='ocrx_word' id='word_1_21' title='bbox 767 653 800 718; x_wconf 94' lang='lat' dir='ltr'>et</span> <span class='ocrx_word' id='word_1_22' title='bbox 826 652 867 718; x_wconf 84' lang='lat' dir='ltr'>ad</span> <span class='ocrx_word' id='word_1_23' title='bbox 892 655 1089 725; x_wconf 80' lang='lat' dir='ltr'>maturitatis</span> <span class='ocrx_word' id='word_1_24' title='bbox 1116 659 1239 738; x_wconf 82' lang='lat' dir='ltr'>tempus</span> 
     </span>
     <span class='ocr_line' id='line_1_4' title="bbox 106 753 1239 842; baseline 0 -18"><span class='ocrx_word' id='word_1_25' title='bbox 106 757 244 842; x_wconf 77' lang='lat' dir='ltr'>grauida</span> <span class='ocrx_word' id='word_1_26' title='bbox 263 757 365 840; x_wconf 86' lang='lat' dir='ltr'>pomis</span> <span class='ocrx_word' id='word_1_27' title='bbox 388 753 576 824; x_wconf 73' lang='lat' dir='ltr'>caelestibus</span> <span class='ocrx_word' id='word_1_28' title='bbox 591 757 682 826; x_wconf 86' lang='lat' dir='ltr'>arbor</span> <span class='ocrx_word' id='word_1_29' title='bbox 700 756 875 827; x_wconf 75' lang='lat' dir='ltr'>abduceret</span> <span class='ocrx_word' id='word_1_30' title='bbox 903 757 1023 826; x_wconf 85' lang='lat' dir='ltr'>interes</span> <span class='ocrx_word' id='word_1_31' title='bbox 1037 759 1239 840; x_wconf 84' lang='lat' dir='ltr'>expeotatum</span> 
     </span>
     <span class='ocr_line' id='line_1_5' title="bbox 106 857 1240 945; baseline 0.002 -19"><span class='ocrx_word' id='word_1_32' title='bbox 106 860 203 928; x_wconf 86' lang='lat' dir='ltr'>Italis</span> <span class='ocrx_word' id='word_1_33' title='bbox 235 860 341 926; x_wconf 87' lang='lat' dir='ltr'>lumen</span> <span class='ocrx_word' id='word_1_34' title='bbox 374 857 516 925; x_wconf 87' lang='lat' dir='ltr'>redditur</span> <span class='ocrx_word' id='word_1_35' title='bbox 548 859 580 925; x_wconf 90' lang='lat' dir='ltr'>et</span> <span class='ocrx_word' id='word_1_36' title='bbox 612 859 789 929; x_wconf 84' lang='lat' dir='ltr'>reuertente</span> <span class='ocrx_word' id='word_1_37' title='bbox 815 859 968 944; x_wconf 69' lang='lat' dir='ltr'>suumn</span> <span class='ocrx_word' id='word_1_38' title='bbox 993 859 1157 931; x_wconf 84' lang='lat' dir='ltr'>saeerdote</span> <span class='ocrx_word' id='word_1_39' title='bbox 1183 879 1240 945; x_wconf 89' lang='lat' dir='ltr'>per</span> 
     </span>
     <span class='ocr_line' id='line_1_6' title="bbox 85 961 1240 1048; baseline 0.003 -22"><span class='ocrx_word' id='word_1_40' title='bbox 85 965 226 1048; x_wconf 81' lang='lat' dir='ltr'>seudum</span> <span class='ocrx_word' id='word_1_41' title='bbox 253 961 390 1028; x_wconf 86' lang='lat' dir='ltr'>rutilans</span> <span class='ocrx_word' id='word_1_42' title='bbox 419 961 511 1028; x_wconf 87' lang='lat' dir='ltr'>iubar</span> <span class='ocrx_word' id='word_1_43' title='bbox 538 961 686 1044; x_wconf 85' lang='lat' dir='ltr'>aperitur.</span> <span class='ocrx_word' id='word_1_44' title='bbox 723 961 869 1034; x_wconf 70' lang='lat' dir='ltr'>riarum</span> <span class='ocrx_word' id='word_1_45' title='bbox 897 963 1168 1038; x_wconf 68' lang='lat' dir='ltr'>musaraneus</span> <span class='ocrx_word' id='word_1_46' title='bbox 1189 962 1240 1030; x_wconf 86' lang='lat' dir='ltr'>in·</span> 
     </span>
     <span class='ocr_line' id='line_1_7' title="bbox 105 1063 1239 1150; baseline -0.004 -17"><span class='ocrx_word' id='word_1_47' title='bbox 105 1066 271 1150; x_wconf 78' lang='lat' dir='ltr'>graditur,</span> <span class='ocrx_word' id='word_1_48' title='bbox 302 1063 419 1148; x_wconf 85' lang='lat' dir='ltr'>Nepoti</span> <span class='ocrx_word' id='word_1_49' title='bbox 452 1064 597 1130; x_wconf 78' lang='lat' dir='ltr'>effaetam</span> <span class='ocrx_word' id='word_1_50' title='bbox 633 1065 781 1148; x_wconf 70' lang='lat' dir='ltr'>perustam</span> <span class='ocrx_word' id='word_1_51' title='bbox 815 1066 979 1149; x_wconf 73' lang='lat' dir='ltr'>legationis</span> <span class='ocrx_word' id='word_1_52' title='bbox 1013 1065 1170 1144; x_wconf 83' lang='lat' dir='ltr'>insinuat,</span> <span class='ocrx_word' id='word_1_53' title='bbox 1207 1069 1239 1128; x_wconf 90' lang='lat' dir='ltr'>et</span> 
     </span>
     <span class='ocr_line' id='line_1_8' title="bbox 106 1166 1239 1250; baseline -0.004 -12"><span class='ocrx_word' id='word_1_54' title='bbox 106 1171 269 1238; x_wconf 83' lang='lat' dir='ltr'>oresoente</span> <span class='ocrx_word' id='word_1_55' title='bbox 300 1166 432 1235; x_wconf 84' lang='lat' dir='ltr'>laudum</span> <span class='ocrx_word' id='word_1_56' title='bbox 462 1169 587 1237; x_wconf 77' lang='lat' dir='ltr'>tumulo</span> <span class='ocrx_word' id='word_1_57' title='bbox 616 1167 780 1244; x_wconf 81' lang='lat' dir='ltr'>humilitas</span> <span class='ocrx_word' id='word_1_58' title='bbox 809 1169 844 1235; x_wconf 89' lang='lat' dir='ltr'>in</span> <span class='ocrx_word' id='word_1_59' title='bbox 871 1185 908 1237; x_wconf 91' lang='lat' dir='ltr'>eo</span> <span class='ocrx_word' id='word_1_60' title='bbox 934 1168 1053 1250; x_wconf 86' lang='lat' dir='ltr'>pariter</span> <span class='ocrx_word' id='word_1_61' title='bbox 1080 1166 1239 1235; x_wconf 71' lang='lat' dir='ltr'>sentiebat</span> 
     </span>
     <span class='ocr_line' id='line_1_9' title="bbox 106 1273 1338 1358; baseline 0.009 -18"><span class='ocrx_word' id='word_1_62' title='bbox 106 1275 261 1358; x_wconf 75' lang='lat' dir='ltr'><strong>augment</strong></span> <span class='ocrx_word' id='word_1_63' title='bbox 316 1321 324 1337; x_wconf 89' lang='lat'><strong>.</strong></span> <span class='ocrx_word' id='word_1_64' title='bbox 986 1311 991 1348; x_wconf 88' lang='lat'>:</span> <span class='ocrx_word' id='word_1_65' title='bbox 1335 1273 1338 1278; x_wconf 67' lang='grc'><strong>’</strong></span> 
     </span>
     <span class='ocr_line' id='line_1_10' title="bbox 153 1392 1237 1480; baseline -0.003 -19"><span class='ocrx_word' id='word_1_66' title='bbox 153 1393 259 1480; x_wconf 85' lang='lat' dir='ltr'>Igitur</span> <span class='ocrx_word' id='word_1_67' title='bbox 291 1395 368 1464; x_wconf 79' lang='lat' dir='ltr'>dum</span> <span class='ocrx_word' id='word_1_68' title='bbox 400 1393 517 1458; x_wconf 87' lang='lat' dir='ltr'>talibus</span> <span class='ocrx_word' id='word_1_69' title='bbox 546 1411 579 1459; x_wconf 91' lang='lat' dir='ltr'>se</span> <span class='ocrx_word' id='word_1_70' title='bbox 608 1392 785 1478; x_wconf 79' lang='lat' dir='ltr'>disciplinis</span> <span class='ocrx_word' id='word_1_71' title='bbox 806 1396 839 1458; x_wconf 86' lang='lat' dir='ltr'>et</span> <span class='ocrx_word' id='word_1_72' title='bbox 860 1393 1021 1460; x_wconf 70' lang='lat' dir='ltr'><strong>laboribus</strong></span> <span class='ocrx_word' id='word_1_73' title='bbox 1042 1392 1162 1460; x_wconf 68' lang='lat' dir='ltr'>eluisti</span> <span class='ocrx_word' id='word_1_74' title='bbox 1183 1393 1237 1480; x_wconf 83' lang='lat' dir='ltr'>[et]</span> 
     </span>
     <span class='ocr_line' id='line_1_11' title="bbox 70 1496 1238 1581; baseline 0.004 -24"><span class='ocrx_word' id='word_1_75' title='bbox 70 1519 96 1558; x_wconf 79' lang='grc' dir='ltr'>ιο</span> <span class='ocrx_word' id='word_1_76' title='bbox 106 1498 160 1563; x_wconf 91' lang='lat' dir='ltr'>dei</span> <span class='ocrx_word' id='word_1_77' title='bbox 195 1497 294 1563; x_wconf 83' lang='lat' dir='ltr'>nostri</span> <span class='ocrx_word' id='word_1_78' title='bbox 327 1497 485 1581; x_wconf 86' lang='lat' dir='ltr'>operarius</span> <span class='ocrx_word' id='word_1_79' title='bbox 518 1496 686 1574; x_wconf 67' lang='lat' dir='ltr'>exarmet,</span> <span class='ocrx_word' id='word_1_80' title='bbox 721 1515 794 1562; x_wconf 83' lang='lat' dir='ltr'>eeoo</span> <span class='ocrx_word' id='word_1_81' title='bbox 822 1497 881 1561; x_wconf 81' lang='lat' dir='ltr'>illo</span> <span class='ocrx_word' id='word_1_82' title='bbox 911 1498 1025 1580; x_wconf 79' lang='lat' dir='ltr'>quietis</span> <span class='ocrx_word' id='word_1_83' title='bbox 1054 1498 1177 1564; x_wconf 80' lang='lat' dir='ltr'>uesoim</span> <span class='ocrx_word' id='word_1_84' title='bbox 1206 1501 1238 1562; x_wconf 91' lang='lat' dir='ltr'>et</span> 
     </span>
     <span class='ocr_line' id='line_1_12' title="bbox 105 1599 1237 1683; baseline 0.002 -17"><span class='ocrx_word' id='word_1_85' title='bbox 105 1601 262 1666; x_wconf 82' lang='lat' dir='ltr'>saelorum</span> <span class='ocrx_word' id='word_1_86' title='bbox 291 1603 433 1683; x_wconf 82' lang='lat' dir='ltr'>patrator</span> <span class='ocrx_word' id='word_1_87' title='bbox 462 1599 607 1664; x_wconf 85' lang='lat' dir='ltr'>inimious</span> <span class='ocrx_word' id='word_1_88' title='bbox 636 1617 752 1682; x_wconf 75' lang='lat' dir='ltr'>magna</span> <span class='ocrx_word' id='word_1_89' title='bbox 778 1599 921 1666; x_wconf 84' lang='lat' dir='ltr'>dolorum</span> <span class='ocrx_word' id='word_1_90' title='bbox 946 1602 1141 1668; x_wconf 73' lang='lat' dir='ltr'>intromonte</span> <span class='ocrx_word' id='word_1_91' title='bbox 1164 1619 1237 1668; x_wconf 89' lang='lat' dir='ltr'>oon·</span> 
     </span>
     <span class='ocr_line' id='line_1_13' title="bbox 105 1701 1237 1788; baseline 0.001 -20"><span class='ocrx_word' id='word_1_92' title='bbox 105 1705 248 1788; x_wconf 84' lang='lat' dir='ltr'>glutinat</span> <span class='ocrx_word' id='word_1_93' title='bbox 275 1707 307 1768; x_wconf 88' lang='lat' dir='ltr'>et</span> <span class='ocrx_word' id='word_1_94' title='bbox 336 1703 470 1785; x_wconf 82' lang='lat' dir='ltr'>inquirit</span> <span class='ocrx_word' id='word_1_95' title='bbox 495 1701 609 1784; x_wconf 86' lang='lat' dir='ltr'>quibus</span> <span class='ocrx_word' id='word_1_96' title='bbox 638 1702 743 1768; x_wconf 81' lang='lat' dir='ltr'>uisum</span> <span class='ocrx_word' id='word_1_97' title='bbox 772 1702 1015 1787; x_wconf 72' lang='lat' dir='ltr'>integerrimum</span> <span class='ocrx_word' id='word_1_98' title='bbox 1040 1704 1237 1787; x_wconf 74' lang='lat' dir='ltr'>passionibus</span> 
     </span>
     <span class='ocr_line' id='line_1_14' title="bbox 104 1804 1237 1892; baseline 0 -20"><span class='ocrx_word' id='word_1_99' title='bbox 104 1809 283 1872; x_wconf 81' lang='lat' dir='ltr'>laoesseret</span> <span class='ocrx_word' id='word_1_100' title='bbox 321 1805 490 1872; x_wconf 80' lang='lat' dir='ltr'>exereitum</span> <span class='ocrx_word' id='word_1_101' title='bbox 526 1804 676 1871; x_wconf 78' lang='lat' dir='ltr'>atuersm</span> <span class='ocrx_word' id='word_1_102' title='bbox 704 1804 848 1871; x_wconf 83' lang='lat' dir='ltr'>Orestem</span> <span class='ocrx_word' id='word_1_103' title='bbox 880 1807 1048 1889; x_wconf 75' lang='lat' dir='ltr'>patritium</span> <span class='ocrx_word' id='word_1_104' title='bbox 1081 1807 1175 1892; x_wconf 83' lang='lat' dir='ltr'>erigit</span> <span class='ocrx_word' id='word_1_105' title='bbox 1206 1811 1237 1872; x_wconf 89' lang='lat' dir='ltr'>et</span> 
     </span>
     <span class='ocr_line' id='line_1_15' title="bbox 107 1909 1237 1994; baseline 0.002 -20"><span class='ocrx_word' id='word_1_106' title='bbox 107 1909 282 1975; x_wconf 81' lang='lat' dir='ltr'>dissordiae</span> <span class='ocrx_word' id='word_1_107' title='bbox 316 1909 448 1974; x_wconf 77' lang='lat' dir='ltr'>sumina</span> <span class='ocrx_word' id='word_1_108' title='bbox 477 1909 691 1974; x_wconf 73' lang='lat' dir='ltr'>clandestinus</span> <span class='ocrx_word' id='word_1_109' title='bbox 715 1909 937 1992; x_wconf 79' lang='lat' dir='ltr'>supplantator</span> <span class='ocrx_word' id='word_1_110' title='bbox 969 1910 1147 1976; x_wconf 83' lang='lat' dir='ltr'>interserit:</span> <span class='ocrx_word' id='word_1_111' title='bbox 1183 1929 1237 1994; x_wconf 87' lang='lat' dir='ltr'>spe</span> 
     </span>
     <span class='ocr_line' id='line_1_16' title="bbox 71 2010 1236 2095; baseline 0.004 -22"><span class='ocrx_word' id='word_1_112' title='bbox 71 2029 262 2078; x_wconf 75' lang='lat' dir='ltr'>anouarmn</span> <span class='ocrx_word' id='word_1_113' title='bbox 293 2029 398 2077; x_wconf 88' lang='lat' dir='ltr'>rerum</span> <span class='ocrx_word' id='word_1_114' title='bbox 426 2013 618 2094; x_wconf 77' lang='lat' dir='ltr'>perosorum</span> <span class='ocrx_word' id='word_1_115' title='bbox 647 2012 770 2077; x_wconf 77' lang='lat' dir='ltr'>animos</span> <span class='ocrx_word' id='word_1_116' title='bbox 790 2011 953 2095; x_wconf 74' lang='lat' dir='ltr'>iupuutat.</span> <span class='ocrx_word' id='word_1_117' title='bbox 982 2010 1176 2079; x_wconf 82' lang='lat' dir='ltr'>Odouaorom</span> <span class='ocrx_word' id='word_1_118' title='bbox 1196 2011 1236 2078; x_wconf 89' lang='lat' dir='ltr'>ad</span> 
     </span>
     <span class='ocr_line' id='line_1_17' title="bbox 105 2113 1237 2200; baseline 0.002 -20"><span class='ocrx_word' id='word_1_119' title='bbox 105 2116 258 2200; x_wconf 80' lang='lat' dir='ltr'>regnandi</span> <span class='ocrx_word' id='word_1_120' title='bbox 281 2113 437 2180; x_wconf 86' lang='lat' dir='ltr'>ambitum</span> <span class='ocrx_word' id='word_1_121' title='bbox 467 2113 587 2180; x_wconf 82' lang='lat' dir='ltr'>extollit</span> <span class='ocrx_word' id='word_1_122' title='bbox 610 2115 651 2194; x_wconf 75' lang='lat' dir='ltr'>et,</span> <span class='ocrx_word' id='word_1_123' title='bbox 689 2118 726 2180; x_wconf 84' lang='lat' dir='ltr'>ut</span> <span class='ocrx_word' id='word_1_124' title='bbox 751 2115 830 2180; x_wconf 75' lang='lat' dir='ltr'>hren</span> <span class='ocrx_word' id='word_1_125' title='bbox 848 2115 1000 2199; x_wconf 72' lang='lat' dir='ltr'>pessumas</span> <span class='ocrx_word' id='word_1_126' title='bbox 1023 2113 1058 2180; x_wconf 84' lang='lat' dir='ltr'>in</span> <span class='ocrx_word' id='word_1_127' title='bbox 1079 2116 1237 2182; x_wconf 70' lang='lat' dir='ltr'>Tieirensi</span> 
     </span>
     <span class='ocr_line' id='line_1_18' title="bbox 105 2216 1235 2302; baseline 0 -18"><span class='ocrx_word' id='word_1_128' title='bbox 105 2218 238 2284; x_wconf 80' lang='lat' dir='ltr'>sinitote</span> <span class='ocrx_word' id='word_1_129' title='bbox 253 2218 456 2302; x_wconf 69' lang='lat' dir='ltr'>ooutiugooot</span> <span class='ocrx_word' id='word_1_130' title='bbox 479 2216 623 2284; x_wconf 82' lang='lat' dir='ltr'>Orestem</span> <span class='ocrx_word' id='word_1_131' title='bbox 638 2219 679 2283; x_wconf 82' lang='lat' dir='ltr'>ad</span> <span class='ocrx_word' id='word_1_132' title='bbox 693 2236 764 2284; x_wconf 85' lang='lat' dir='ltr'>eam</span> <span class='ocrx_word' id='word_1_133' title='bbox 777 2218 893 2283; x_wconf 76' lang='lat' dir='ltr'>nauus</span> <span class='ocrx_word' id='word_1_134' title='bbox 907 2218 1092 2285; x_wconf 78' lang='lat' dir='ltr'>munitionis</span> <span class='ocrx_word' id='word_1_135' title='bbox 1106 2218 1235 2286; x_wconf 81' lang='lat' dir='ltr'>inmtat.</span> 
     </span>
     <span class='ocr_line' id='line_1_19' title="bbox 106 2321 1235 2405; baseline 0 -19"><span class='ocrx_word' id='word_1_136' title='bbox 106 2322 270 2405; x_wconf 81' lang='lat' dir='ltr'>episeopus</span> <span class='ocrx_word' id='word_1_137' title='bbox 294 2339 365 2387; x_wconf 84' lang='lat' dir='ltr'>oum</span> <span class='ocrx_word' id='word_1_138' title='bbox 389 2321 533 2388; x_wconf 82' lang='lat' dir='ltr'>omnibns</span> <span class='ocrx_word' id='word_1_139' title='bbox 548 2321 587 2386; x_wconf 85' lang='lat' dir='ltr'>ad</span> <span class='ocrx_word' id='word_1_140' title='bbox 603 2339 638 2386; x_wconf 89' lang='lat' dir='ltr'>se</span> <span class='ocrx_word' id='word_1_141' title='bbox 650 2321 882 2405; x_wconf 84' lang='lat' dir='ltr'>pertinentibus</span> <span class='ocrx_word' id='word_1_142' title='bbox 898 2340 1045 2405; x_wconf 76' lang='lat' dir='ltr'>praesens</span> <span class='ocrx_word' id='word_1_143' title='bbox 1060 2321 1235 2388; x_wconf 73' lang='lat' dir='ltr'>insanitur:</span> 
     </span>
     <span class='ocr_line' id='line_1_20' title="bbox 105 2424 1235 2507; baseline -0.001 -17"><span class='ocrx_word' id='word_1_144' title='bbox 105 2425 144 2490; x_wconf 87' lang='lat' dir='ltr'>fit</span> <span class='ocrx_word' id='word_1_145' title='bbox 167 2425 322 2492; x_wconf 84' lang='lat' dir='ltr'>maximus</span> <span class='ocrx_word' id='word_1_146' title='bbox 351 2426 384 2490; x_wconf 91' lang='lat' dir='ltr'>iu</span> <span class='ocrx_word' id='word_1_147' title='bbox 412 2424 490 2490; x_wconf 85' lang='lat' dir='ltr'>urbo</span> <span class='ocrx_word' id='word_1_148' title='bbox 519 2441 699 2504; x_wconf 70' lang='lat' dir='ltr'>mnesteus,</span> <span class='ocrx_word' id='word_1_149' title='bbox 727 2426 897 2507; x_wconf 73' lang='lat' dir='ltr'>praedandi</span> <span class='ocrx_word' id='word_1_150' title='bbox 923 2425 1025 2492; x_wconf 84' lang='lat' dir='ltr'>rabies</span> <span class='ocrx_word' id='word_1_151' title='bbox 1053 2425 1235 2492; x_wconf 73' lang='lat' dir='ltr'>inardescit:</span> 
     </span>
     <span class='ocr_line' id='line_1_21' title="bbox 70 2526 1234 2612; baseline 0.003 -22"><span class='ocrx_word' id='word_1_152' title='bbox 70 2526 370 2610; x_wconf 58' lang='lat' dir='ltr'>subinnuuntur,</span> <span class='ocrx_word' id='word_1_153' title='bbox 404 2547 501 2612; x_wconf 82' lang='lat' dir='ltr'>pauor</span> <span class='ocrx_word' id='word_1_154' title='bbox 528 2529 643 2612; x_wconf 81' lang='lat' dir='ltr'>abique</span> <span class='ocrx_word' id='word_1_155' title='bbox 678 2531 710 2592; x_wconf 92' lang='lat' dir='ltr'>et</span> <span class='ocrx_word' id='word_1_156' title='bbox 731 2527 845 2594; x_wconf 83' lang='lat' dir='ltr'>mortis</span> <span class='ocrx_word' id='word_1_157' title='bbox 866 2528 972 2612; x_wconf 73' lang='lat' dir='ltr'>imago</span> <span class='ocrx_word' id='word_1_158' title='bbox 991 2529 1140 2611; x_wconf 80' lang='lat' dir='ltr'>plurima</span> <span class='ocrx_word' id='word_1_159' title='bbox 1171 2529 1234 2596; x_wconf 87' lang='lat' dir='ltr'>dis-</span> 
     </span>
     <span class='ocr_line' id='line_1_22' title="bbox 104 2629 1235 2716; baseline 0 -20"><span class='ocrx_word' id='word_1_160' title='bbox 104 2629 255 2698; x_wconf 75' lang='lat' dir='ltr'>currebat</span> <span class='ocrx_word' id='word_1_161' title='bbox 287 2631 345 2698; x_wconf 90' lang='lat' dir='ltr'>ille</span> <span class='ocrx_word' id='word_1_162' title='bbox 378 2633 551 2699; x_wconf 65' lang='lat' dir='ltr'>sollicitius</span> <span class='ocrx_word' id='word_1_163' title='bbox 588 2633 774 2716; x_wconf 70' lang='lat' dir='ltr'>posoebatar</span> <span class='ocrx_word' id='word_1_164' title='bbox 807 2633 846 2698; x_wconf 84' lang='lat' dir='ltr'>ad</span> <span class='ocrx_word' id='word_1_165' title='bbox 878 2650 1009 2715; x_wconf 87' lang='lat' dir='ltr'>poenam</span> <span class='ocrx_word' id='word_1_166' title='bbox 1041 2633 1131 2698; x_wconf 88' lang='lat' dir='ltr'>onius</span> <span class='ocrx_word' id='word_1_167' title='bbox 1161 2631 1235 2697; x_wconf 90' lang='lat' dir='ltr'>snb·</span> 
     </span>
     <span class='ocr_line' id='line_1_23' title="bbox 105 2733 1235 2818; baseline 0.002 -20"><span class='ocrx_word' id='word_1_168' title='bbox 105 2733 260 2800; x_wconf 77' lang='lat' dir='ltr'>stantiam</span> <span class='ocrx_word' id='word_1_169' title='bbox 293 2736 446 2802; x_wconf 85' lang='lat' dir='ltr'>notiorem</span> <span class='ocrx_word' id='word_1_170' title='bbox 480 2736 596 2801; x_wconf 80' lang='lat' dir='ltr'>fenerat</span> <span class='ocrx_word' id='word_1_171' title='bbox 627 2735 839 2800; x_wconf 75' lang='lat' dir='ltr'>amicitiarum</span> <span class='ocrx_word' id='word_1_172' title='bbox 865 2735 943 2801; x_wconf 77' lang='lat' dir='ltr'>flues</span> <span class='ocrx_word' id='word_1_173' title='bbox 971 2737 1140 2818; x_wconf 86' lang='lat' dir='ltr'>antiquior.</span> <span class='ocrx_word' id='word_1_174' title='bbox 1178 2734 1235 2800; x_wconf 89' lang='lat' dir='ltr'>alii</span> 
     </span>
     <span class='ocr_line' id='line_1_24' title="bbox 106 2836 1234 2920; baseline 0.001 -18"><span class='ocrx_word' id='word_1_175' title='bbox 106 2838 254 2902; x_wconf 87' lang='lat' dir='ltr'>flammas</span> <span class='ocrx_word' id='word_1_176' title='bbox 277 2838 408 2904; x_wconf 89' lang='lat' dir='ltr'>ruituris</span> <span class='ocrx_word' id='word_1_177' title='bbox 430 2839 559 2904; x_wconf 85' lang='lat' dir='ltr'>aedibus</span> <span class='ocrx_word' id='word_1_178' title='bbox 582 2836 813 2920; x_wconf 89' lang='lat' dir='ltr'>subponebaut:</span> <span class='ocrx_word' id='word_1_179' title='bbox 838 2837 895 2902; x_wconf 90' lang='lat' dir='ltr'>alii</span> <span class='ocrx_word' id='word_1_180' title='bbox 917 2839 957 2904; x_wconf 85' lang='lat' dir='ltr'>ad</span> <span class='ocrx_word' id='word_1_181' title='bbox 976 2839 1107 2903; x_wconf 81' lang='lat' dir='ltr'>exitium</span> <span class='ocrx_word' id='word_1_182' title='bbox 1129 2855 1234 2920; x_wconf 88' lang='lat' dir='ltr'>posoe-</span> 
     </span>
     <span class='ocr_line' id='line_1_25' title="bbox 105 2939 1235 3026; baseline 0 -22"><span class='ocrx_word' id='word_1_183' title='bbox 105 2941 185 3004; x_wconf 85' lang='lat' dir='ltr'>bant</span> <span class='ocrx_word' id='word_1_184' title='bbox 208 2939 380 3019; x_wconf 82' lang='lat' dir='ltr'>domiuum,</span> <span class='ocrx_word' id='word_1_185' title='bbox 402 2959 458 3024; x_wconf 84' lang='lat' dir='ltr'>pro</span> <span class='ocrx_word' id='word_1_186' title='bbox 481 2941 569 3008; x_wconf 85' lang='lat' dir='ltr'>ouius</span> <span class='ocrx_word' id='word_1_187' title='bbox 592 2942 782 3011; x_wconf 81' lang='lat' dir='ltr'>conuenerat</span> <span class='ocrx_word' id='word_1_188' title='bbox 803 2941 904 3014; x_wconf 81' lang='lat' dir='ltr'>soluts</span> <span class='ocrx_word' id='word_1_189' title='bbox 925 2941 1067 3026; x_wconf 56' lang='grc' dir='ltr'>ΝΜ·</span> <span class='ocrx_word' id='word_1_190' title='bbox 1105 2944 1235 3008; x_wconf 88' lang='lat' dir='ltr'>ourrunt</span> 
     </span>
     <span class='ocr_line' id='line_1_26' title="bbox 71 3043 1233 3126; baseline 0 -16"><span class='ocrx_word' id='word_1_191' title='bbox 71 3043 146 3110; x_wconf 72' lang='lat' dir='ltr'>aad</span> <span class='ocrx_word' id='word_1_192' title='bbox 178 3043 326 3114; x_wconf 75' lang='lat' dir='ltr'>eeclesiae</span> <span class='ocrx_word' id='word_1_193' title='bbox 359 3046 503 3122; x_wconf 85' lang='lat' dir='ltr'>domum,</span> <span class='ocrx_word' id='word_1_194' title='bbox 537 3043 613 3110; x_wconf 87' lang='lat' dir='ltr'>totis</span> <span class='ocrx_word' id='word_1_195' title='bbox 644 3043 829 3126; x_wconf 77' lang='lat' dir='ltr'>direptionis</span> <span class='ocrx_word' id='word_1_196' title='bbox 862 3043 1016 3113; x_wconf 81' lang='lat' dir='ltr'>iuoeudiis</span> <span class='ocrx_word' id='word_1_197' title='bbox 1046 3045 1233 3122; x_wconf 84' lang='lat' dir='ltr'>aestuantes,</span> 
     </span>
    </p>
   </div>
   <div class='ocr_carea' id='block_1_3' title="bbox 210 3206 573 3282">
    <p class='ocr_par' dir='ltr' id='par_1_3' title="bbox 210 3206 573 3282">
     <span class='ocr_line' id='line_1_27' title="bbox 210 3206 573 3282; baseline -0.006 -16"><span class='ocrx_word' id='word_1_198' title='bbox 210 3209 245 3266; x_wconf 76' lang='lat'>20</span> <span class='ocrx_word' id='word_1_199' title='bbox 262 3211 365 3282; x_wconf 75' lang='lat' dir='ltr'>Vergil.</span> <span class='ocrx_word' id='word_1_200' title='bbox 383 3212 448 3265; x_wconf 82' lang='lat' dir='ltr'>Aen.</span> <span class='ocrx_word' id='word_1_201' title='bbox 466 3209 494 3266; x_wconf 91' lang='lat'>11</span> <span class='ocrx_word' id='word_1_202' title='bbox 514 3206 573 3266; x_wconf 82' lang='lat'><strong>369.</strong></span> 
     </span>
    </p>
   </div>
   <div class='ocr_carea' id='block_1_4' title="bbox 105 3365 1235 3624">
    <p class='ocr_par' dir='ltr' id='par_1_4' title="bbox 105 3365 1235 3624">
     <span class='ocr_line' id='line_1_28' title="bbox 158 3365 1233 3437; baseline 0.001 -17"><span class='ocrx_word' id='word_1_203' title='bbox 158 3366 270 3420; x_wconf 85' lang='lat' dir='ltr'>luitae</span> <span class='ocrx_word' id='word_1_204' title='bbox 294 3367 355 3421; x_wconf 81' lang='lat' dir='ltr'>Va.</span> <span class='ocrx_word' id='word_1_205' title='bbox 373 3367 390 3420; x_wconf 81' lang='lat' dir='ltr'>t.</span> <span class='ocrx_word' id='word_1_206' title='bbox 408 3383 443 3422; x_wconf 78' lang='lat' dir='ltr'>m,</span> <span class='ocrx_word' id='word_1_207' title='bbox 461 3369 495 3433; x_wconf 80' lang='lat'>2,</span> <span class='ocrx_word' id='word_1_208' title='bbox 525 3381 578 3436; x_wconf 75' lang='lat' dir='ltr'>une</span> <span class='ocrx_word' id='word_1_209' title='bbox 600 3365 638 3420; x_wconf 73' lang='lat'>13¹</span> <span class='ocrx_word' id='word_1_210' title='bbox 740 3367 860 3421; x_wconf 83' lang='lat' dir='ltr'>2fomis</span> <span class='ocrx_word' id='word_1_211' title='bbox 883 3367 911 3421; x_wconf 90' lang='lat' dir='ltr'><em>B</em></span> <span class='ocrx_word' id='word_1_212' title='bbox 1014 3369 1233 3437; x_wconf 72' lang='lat' dir='ltr'>tempestatum</span> 
     </span>
     <span class='ocr_line' id='line_1_29' title="bbox 107 3451 1234 3518; baseline -0.001 -10"><span class='ocrx_word' id='word_1_213' title='bbox 107 3452 162 3508; x_wconf 82' lang='lat' dir='ltr'>TV</span> <span class='ocrx_word' id='word_1_214' title='bbox 258 3453 429 3509; x_wconf 76' lang='lat' dir='ltr'>lreuereute</span> <span class='ocrx_word' id='word_1_215' title='bbox 447 3452 474 3507; x_wconf 80' lang='lat' dir='ltr'><strong><em>L</em></strong></span> <span class='ocrx_word' id='word_1_216' title='bbox 569 3451 584 3505; x_wconf 81' lang='lat' dir='ltr'>&#39;l</span> <span class='ocrx_word' id='word_1_217' title='bbox 603 3452 631 3506; x_wconf 91' lang='lat' dir='ltr'>iu</span> <span class='ocrx_word' id='word_1_218' title='bbox 649 3466 680 3506; x_wconf 90' lang='lat' dir='ltr'>eo</span> <span class='ocrx_word' id='word_1_219' title='bbox 697 3451 840 3510; x_wconf 82' lang='lat' dir='ltr'>humilitas</span> <span class='ocrx_word' id='word_1_220' title='bbox 858 3453 884 3507; x_wconf 84' lang='lat' dir='ltr'><em>T</em></span> <span class='ocrx_word' id='word_1_221' title='bbox 976 3453 1098 3509; x_wconf 85' lang='lat' dir='ltr'>sentinat</span> <span class='ocrx_word' id='word_1_222' title='bbox 1113 3454 1150 3518; x_wconf 85' lang='lat' dir='ltr'>B,</span> <span class='ocrx_word' id='word_1_223' title='bbox 1175 3469 1234 3508; x_wconf 88' lang='lat' dir='ltr'>sen·</span> 
     </span>
     <span class='ocr_line' id='line_1_30' title="bbox 105 3535 1235 3624; baseline 0.004 -34"><span class='ocrx_word' id='word_1_224' title='bbox 105 3537 173 3592; x_wconf 87' lang='lat' dir='ltr'>tiuit</span> <span class='ocrx_word' id='word_1_225' title='bbox 190 3537 272 3604; x_wconf 77' lang='lat' dir='ltr'>Bou,</span> <span class='ocrx_word' id='word_1_226' title='bbox 299 3553 337 3592; x_wconf 78' lang='lat' dir='ltr'>ou</span> <span class='ocrx_word' id='word_1_227' title='bbox 355 3535 504 3592; x_wconf 76' lang='lat' dir='ltr'>sentibat?</span> <span class='ocrx_word' id='word_1_228' title='bbox 606 3537 623 3591; x_wconf 83' lang='lat'>9</span> <span class='ocrx_word' id='word_1_229' title='bbox 641 3537 732 3624; x_wconf 75' lang='lat' dir='ltr'>sedum</span> <span class='ocrx_word' id='word_1_230' title='bbox 752 3537 778 3592; x_wconf 79' lang='grc' dir='ltr'><em>Τ</em></span> <span class='ocrx_word' id='word_1_231' title='bbox 878 3540 905 3591; x_wconf 93' lang='lat' dir='ltr'>et</span> <span class='ocrx_word' id='word_1_232' title='bbox 921 3537 1039 3606; x_wconf 45' lang='lat' dir='ltr'>iudam&amp;</span> <span class='ocrx_word' id='word_1_233' title='bbox 1065 3539 1100 3600; x_wconf 81' lang='lat' dir='ltr'>ef.</span> <span class='ocrx_word' id='word_1_234' title='bbox 1122 3539 1235 3594; x_wconf 79' lang='lat' dir='ltr'>Wiener</span> 
     </span>
    </p>
   </div>
   <div class='ocr_carea' id='block_1_5' title="bbox 105 3639 1233 4088">
    <p class='ocr_par' dir='ltr' id='par_1_5' title="bbox 105 3639 1233 4088">
     <span class='ocr_line' id='line_1_31' title="bbox 105 3639 1166 3725; baseline -0.003 -29"><span class='ocrx_word' id='word_1_235' title='bbox 105 3641 226 3696; x_wconf 78' lang='lat' dir='ltr'>Studien</span> <span class='ocrx_word' id='word_1_236' title='bbox 252 3639 293 3694; x_wconf 86' lang='lat'>11</span> <span class='ocrx_word' id='word_1_237' title='bbox 313 3657 344 3710; x_wconf 83' lang='lat' dir='ltr'>p.</span> <span class='ocrx_word' id='word_1_238' title='bbox 362 3643 418 3695; x_wconf 73' lang='lat'>249</span> <span class='ocrx_word' id='word_1_239' title='bbox 539 3641 572 3696; x_wconf 80' lang='lat'>12</span> <span class='ocrx_word' id='word_1_240' title='bbox 598 3641 773 3720; x_wconf 74' lang='lat' dir='ltr'>inquiretB</span> <span class='ocrx_word' id='word_1_241' title='bbox 891 3639 1112 3725; x_wconf 75' lang='lat' dir='ltr'>intergerrimum</span> <span class='ocrx_word' id='word_1_242' title='bbox 1139 3641 1166 3694; x_wconf 89' lang='lat' dir='ltr'><em>B</em></span> 
     </span>
     <span class='ocr_line' id='line_1_32' title="bbox 106 3727 1233 3846; baseline -0.001 -30"><span class='ocrx_word' id='word_1_243' title='bbox 106 3733 653 3825; x_wconf 66' lang='lat' dir='ltr'>ramesbet13‚1soessireturt⁷</span> <span class='ocrx_word' id='word_1_244' title='bbox 770 3727 857 3831; x_wconf 60' lang='lat' dir='ltr'>engle</span> <span class='ocrx_word' id='word_1_245' title='bbox 881 3760 910 3816; x_wconf 82' lang='lat' dir='ltr'>u</span> <span class='ocrx_word' id='word_1_246' title='bbox 1014 3760 1047 3814; x_wconf 82' lang='lat'>15</span> <span class='ocrx_word' id='word_1_247' title='bbox 1073 3733 1233 3846; x_wconf 62' lang='lat' dir='ltr'>paratoria</span> 
     </span>
     <span class='ocr_line' id='line_1_33' title="bbox 105 3847 1233 3951; baseline -0.002 -15"><span class='ocrx_word' id='word_1_248' title='bbox 105 3883 133 3936; x_wconf 91' lang='lat' dir='ltr'><em>B</em></span> <span class='ocrx_word' id='word_1_249' title='bbox 237 3881 378 3938; x_wconf 78' lang='lat' dir='ltr'>odomrem</span> <span class='ocrx_word' id='word_1_250' title='bbox 398 3881 435 3938; x_wconf 64' lang='grc' dir='ltr'>Τ*</span> <span class='ocrx_word' id='word_1_251' title='bbox 537 3879 571 3935; x_wconf 87' lang='grc'>16</span> <span class='ocrx_word' id='word_1_252' title='bbox 593 3847 711 3951; x_wconf 51' lang='lat' dir='ltr'>penales</span> <span class='ocrx_word' id='word_1_253' title='bbox 731 3885 756 3948; x_wconf 88' lang='lat' dir='ltr'>(r</span> <span class='ocrx_word' id='word_1_254' title='bbox 773 3897 807 3939; x_wconf 69' lang='lat' dir='ltr'>ex</span> <span class='ocrx_word' id='word_1_255' title='bbox 824 3885 865 3935; x_wconf 77' lang='lat' dir='ltr'>n?</span> <span class='ocrx_word' id='word_1_256' title='bbox 884 3881 966 3948; x_wconf 71' lang='lat' dir='ltr'>oon.)</span> <span class='ocrx_word' id='word_1_257' title='bbox 988 3879 1015 3934; x_wconf 76' lang='lat' dir='ltr'><strong><em>L</em></strong></span> <span class='ocrx_word' id='word_1_258' title='bbox 1119 3881 1150 3936; x_wconf 79' lang='lat'>19</span> <span class='ocrx_word' id='word_1_259' title='bbox 1167 3879 1233 3950; x_wconf 72' lang='lat' dir='ltr'>urbe</span> 
     </span>
     <span class='ocr_line' id='line_1_34' title="bbox 105 3967 1233 4088; baseline -0.001 -32"><span class='ocrx_word' id='word_1_260' title='bbox 105 4002 161 4056; x_wconf 81' lang='lat' dir='ltr'>nu</span> <span class='ocrx_word' id='word_1_261' title='bbox 258 4002 412 4072; x_wconf 69' lang='lat' dir='ltr'>praesensi</span> <span class='ocrx_word' id='word_1_262' title='bbox 430 4003 477 4070; x_wconf 74' lang='lat' dir='ltr'>m,</span> <span class='ocrx_word' id='word_1_263' title='bbox 505 3975 662 4088; x_wconf 55' lang='lat' dir='ltr'>premium</span> <span class='ocrx_word' id='word_1_264' title='bbox 684 4003 712 4057; x_wconf 76' lang='lat' dir='ltr'>s</span> <span class='ocrx_word' id='word_1_265' title='bbox 803 3967 951 4085; x_wconf 47' lang='lat' dir='ltr'>astuosa</span> <span class='ocrx_word' id='word_1_266' title='bbox 968 4001 996 4054; x_wconf 83' lang='lat' dir='ltr'>a</span> <span class='ocrx_word' id='word_1_267' title='bbox 1093 4000 1127 4053; x_wconf 86' lang='lat' dir='ltr'>ao</span> <span class='ocrx_word' id='word_1_268' title='bbox 1144 4001 1233 4055; x_wconf 75' lang='lat' dir='ltr'>suetus</span> 
     </span>
    </p>
   </div>
   <div class='ocr_carea' id='block_1_6' title="bbox 103 4085 1233 4367">
    <p class='ocr_par' dir='ltr' id='par_1_6' title="bbox 103 4085 1233 4367">
     <span class='ocr_line' id='line_1_35' title="bbox 103 4085 1177 4194; baseline -0.002 -16"><span class='ocrx_word' id='word_1_269' title='bbox 103 4125 212 4194; x_wconf 71' lang='lat' dir='ltr'>ubispuel</span> <span class='ocrx_word' id='word_1_270' title='bbox 222 4139 306 4194; x_wconf 83' lang='lat' dir='ltr'>pauor</span> <span class='ocrx_word' id='word_1_271' title='bbox 323 4127 351 4179; x_wconf 90' lang='lat' dir='ltr'>et</span> <span class='ocrx_word' id='word_1_272' title='bbox 368 4125 486 4194; x_wconf 71' lang='lat' dir='ltr'>plurima</span> <span class='ocrx_word' id='word_1_273' title='bbox 502 4125 598 4186; x_wconf 70' lang='lat' dir='ltr'>nouis</span> <span class='ocrx_word' id='word_1_274' title='bbox 615 4125 706 4193; x_wconf 83' lang='lat' dir='ltr'>imago</span> <span class='ocrx_word' id='word_1_275' title='bbox 726 4123 854 4180; x_wconf 62' lang='lat' dir='ltr'>Mottw</span> <span class='ocrx_word' id='word_1_276' title='bbox 955 4121 988 4176; x_wconf 76' lang='lat'>21</span> <span class='ocrx_word' id='word_1_277' title='bbox 1008 4085 1120 4175; x_wconf 72' lang='lat' dir='ltr'>soloitus</span> <span class='ocrx_word' id='word_1_278' title='bbox 1138 4121 1177 4188; x_wconf 65' lang='lat' dir='ltr'>Io,</span> 
     </span>
     <span class='ocr_line' id='line_1_36' title="bbox 103 4207 1233 4280; baseline 0.001 -17"><span class='ocrx_word' id='word_1_279' title='bbox 103 4209 138 4263; x_wconf 82' lang='grc'>22</span> <span class='ocrx_word' id='word_1_280' title='bbox 164 4211 310 4272; x_wconf 72' lang='lat' dir='ltr'>notioorem</span> <span class='ocrx_word' id='word_1_281' title='bbox 333 4211 361 4266; x_wconf 81' lang='lat' dir='ltr'><strong><em>L</em></strong></span> <span class='ocrx_word' id='word_1_282' title='bbox 463 4212 621 4271; x_wconf 74' lang='lat' dir='ltr'>amotarum</span> <span class='ocrx_word' id='word_1_283' title='bbox 643 4210 682 4276; x_wconf 90' lang='lat' dir='ltr'>B,</span> <span class='ocrx_word' id='word_1_284' title='bbox 713 4211 893 4280; x_wconf 80' lang='lat' dir='ltr'>amitioiaram</span> <span class='ocrx_word' id='word_1_285' title='bbox 917 4208 956 4269; x_wconf 62' lang='grc' dir='ltr'>Β*</span> <span class='ocrx_word' id='word_1_286' title='bbox 1059 4207 1094 4262; x_wconf 77' lang='lat'>23</span> <span class='ocrx_word' id='word_1_287' title='bbox 1120 4207 1233 4264; x_wconf 81' lang='lat' dir='ltr'>exicium</span> 
     </span>
     <span class='ocr_line' id='line_1_37' title="bbox 106 4295 823 4367; baseline -0.003 -16"><span class='ocrx_word' id='word_1_288' title='bbox 106 4297 133 4351; x_wconf 92' lang='lat' dir='ltr'><em>B</em></span> <span class='ocrx_word' id='word_1_289' title='bbox 237 4297 271 4351; x_wconf 77' lang='lat'>25</span> <span class='ocrx_word' id='word_1_290' title='bbox 290 4297 455 4366; x_wconf 76' lang='lat' dir='ltr'>eoleoolesiae</span> <span class='ocrx_word' id='word_1_291' title='bbox 473 4298 501 4354; x_wconf 90' lang='lat' dir='ltr'><strong><em>B</em></strong></span> <span class='ocrx_word' id='word_1_292' title='bbox 603 4296 766 4367; x_wconf 78' lang='lat' dir='ltr'>dereptiouis</span> <span class='ocrx_word' id='word_1_293' title='bbox 782 4295 823 4350; x_wconf 69' lang='grc' dir='ltr'>[ι’</span> 
     </span>
    </p>
   </div>
   <div class='ocr_carea' id='block_1_7' title="bbox 1076 4399 1131 4454">
    <p class='ocr_par' dir='ltr' id='par_1_7' title="bbox 1076 4399 1131 4454">
     <span class='ocr_line' id='line_1_38' title="bbox 1076 4399 1131 4454; baseline 0 -24"><span class='ocrx_word' id='word_1_294' title='bbox 1076 4399 1131 4454; x_wconf 64' lang='grc'>23*</span> 
     </span>
    </p>
   </div>
   <div class='ocr_carea' id='block_1_8' title="bbox 0 0 1472 4934">
    <p class='ocr_par' dir='ltr' id='par_1_8' title="bbox 0 0 1472 4934">
     <span class='ocr_line' id='line_1_39' title="bbox 0 0 1472 4934; baseline 0 2"><span class='ocrx_word' id='word_1_295' title='bbox 0 0 1472 4934; x_wconf 95' lang='lat' dir='ltr'> </span> 
     </span>
    </p>
   </div>
  </div>
 </body>
</html>
