2934 4934
1206 434 1254 480 XV

123 592 238 676 quibus
270 610 362 676 opera
385 592 469 658 exB
497 593 663 676 desumpta
692 595 858 677 excellunt,
888 615 927 662 ne
956 596 1099 665 diuinare
1128 601 1254 683 quidem

123 699 243 781 posset.
278 714 406 762 suornm
429 700 534 762 autem
557 697 700 762 codicum
722 716 779 781 ope
800 703 833 764 et
856 718 935 783 quae
951 700 1141 768 Basilecneis
1158 704 1253 770 editio

124 801 274 866 omiserat
302 799 335 865 in
364 797 466 864 lucem
494 799 616 883 prodire
644 798 735 865 iussit
757 805 789 867 et
811 803 983 869 orationem
1005 805 1033 869 si
1055 825 1116 872 non
1140 807 1253 890 ubique

126 904 297 987 genuinam
320 904 427 968 tamen
450 903 582 968 latinam
604 904 750 988 reddidit,
772 923 834 987 qua
853 907 888 971 in
902 925 936 971 re
958 910 1101 974 accurate
1122 911 1254 991 posteri·

124 1025 215 1072 orum
232 1011 424 1090 scriptorum
439 1007 614 1091 cognitione
629 1007 846 1075 adiuuabatur.
870 1029 962 1093 quem
978 1011 1110 1095 denique
1125 1031 1254 1095 operum

125 1129 245 1176 nouum
275 1111 415 1177 ordinem
443 1110 593 1194 instituit,
625 1112 652 1176 is
675 1112 801 1195 quidem
824 1130 885 1178 uon
907 1134 944 1179 ex
967 1119 1052 1180 omni
1073 1118 1161 1199 parte
1183 1134 1254 1200 pro-

125 1215 194 1280 bari
223 1216 335 1297 potest,
367 1232 438 1279 curn
459 1215 494 1280 in
516 1213 696 1280 Carminium
719 1233 846 1282 numero
874 1219 1014 1301 posuerit
1046 1239 1124 1304 quae
1153 1220 1253 1285 Dicti-

124 1318 238 1383 onibus
273 1317 504 1384 adnumeranda
537 1321 626 1384 eraut
649 1320 681 1384 et
711 1318 876 1385 fallacibus
908 1320 1097 1406 lubricisque
1130 1322 1254 1389 iudiciis

125 1439 201 1486 usus
225 1440 304 1505 quae
327 1422 542 1504 Epistularum
565 1420 807 1507 (terminumque
835 1443 947 1510 gauere
974 1444 1036 1492 non
1059 1429 1255 1493 continentur

124 1523 159 1588 in
183 1521 340 1606 Opusoula
363 1527 396 1589 et
416 1525 577 1590 Dictiones
600 1525 760 1603 diuiserit;
791 1545 863 1592 eum
885 1527 1002 1606 temen,
1031 1547 1070 1594 ue
1091 1530 1125 1594 in
1147 1549 1181 1595 re
1202 1532 1254 1596 ad-

1 1629 2 1676 1
122 1628 256 1692 modum
280 1627 376 1693 dubia
398 1628 487 1692 nouis
503 1627 688 1694 coniecturis
710 1628 906 1713 indulgerem
922 1634 955 1695 et
976 1631 1150 1714 legentium
1173 1651 1255 1699 com-

1 1729 2 1816 i
122 1729 276 1795 meditati
298 1729 399 1813 magis
422 1731 528 1796 obesse
550 1748 644 1814 quem
660 1733 803 1814 prodesse
818 1731 950 1814 uiderer,
972 1734 1172 1800 retinendum
1188 1753 1254 1800 esse

1 1829 2 1887 l
120 1834 210 1898 duxi.
248 1834 396 1917 antiquus
419 1835 502 1900 cuim
526 1834 668 1900 codicum
691 1835 774 1919 ordo,
805 1835 859 1919 qui
881 1854 942 1901 uon
964 1836 1005 1901 ab
1029 1839 1152 1902 auctore
1175 1838 1253 1919 ipso,

123 1937 183 2002 sed
204 1940 276 2020 post
298 1937 365 2002 cius
387 1940 521 2002 mortem
543 1939 652 2020 opinor
674 1957 692 2004 a
713 1938 874 2023 discipulo,
897 1940 951 2022 qui
975 1939 1118 2022 magistri
1140 1941 1255 2023 scripta

124 2042 210 2107 uude
232 2041 315 2106 uude
338 2041 467 2125 collegit
488 2041 645 2124 profectus
661 2041 759 2108 ethic
779 2042 846 2110 illic
868 2042 1113 2109 describentium
1135 2045 1255 2110 incuria

1 2187 2 2244 l
123 2145 317 2211 immutatus
341 2147 399 2222 est,
422 2144 508 2210 nullo
531 2146 622 2227 pacto
646 2145 782 2211 editione
807 2147 1033 2228 repraesentari
1057 2147 1167 2230 potuit.

173 2435 210 2500 Iu
239 2435 395 2502 codicibus
423 2437 528 2501 autem
558 2454 633 2520 quos
661 2434 812 2520 descripsi
841 2437 974 2503 Ennodii
1001 2438 1122 2521 scripta
1141 2439 1200 2504 hoc
1221 2457 1255 2505 sa
1292 2455 1338 2548 ¹oi
1354 2465 1394 2493 uu·

122 2537 237 2604 ordine
260 2537 430 2620 excipiunt:

1 2629 2 2712 Ῠ
125 2674 273 2742 brosor

123 2776 263 2845 Carmen
286 2776 344 2842 16

126 2881 233 2946 Dictio
258 2879 320 2945 VII

125 2983 291 3066 Epistulae
317 2983 333 3048 I
358 2981 438 3048 1-4

127 3086 324 3169 Opusoulum
347 3084 407 3150 Vll

126 3188 291 3273 Epistulae
315 3187 330 3251 I
354 3185 438 3253 5-9

128 3291 326 3374 Opusoulum
349 3289 445 3355 VIIII

127 3394 290 3477 Epistulae
313 3393 330 3458 I
355 3393 482 3459 10-20

127 3495 277 3563 Carmina
300 3496 316 3560 I
340 3495 368 3560 i.
393 3495 413 3562 8

127 3599 293 3682 Epistulae
315 3598 331 3663 Ι
353 3598 508 3664 21-119

127 3701 265 3768 Carmen
288 3699 346 3768 19

128 3805 292 3887 Epistulae
314 3803 348 3869 II
372 3805 422 3870 10.
448 3807 485 3869 11
593 3819 679 3890 Epist.
690 3820 720 3875 11
729 3821 823 3876 roem.
834 3819 856 3874 'l'
869 3820 1012 3876 adnotans:
1024 3823 1067 3878 bic
1076 3823 1149 3879 deest
1160 3827 1257 3892 caprae

126 3905 265 3973 Carmen
289 3904 323 3970 II
347 3907 362 3970 l

129 4009 292 4092 Epistulae
315 4007 349 4073 II
372 4006 422 4074 12.
448 4007 486 4073 13

130 4109 327 4194 Opusoulum
350 4109 383 4174 ΙΙ

128 4211 266 4280 Carmen
288 4213 322 4279 II
345 4211 366 4276 2

126 4315 296 4398 ‚Epistulae
307 4315 339 4381 ΙΙ
355 4315 521 4383 14-1113
