2934 4934
404 1087 575 1173 LIBER
609 1086 879 1183 QVARTVS.

628 1293 656 1359 1.

366 1444 566 1501 smncflo
581 1444 701 1501 Peren
718 1443 916 1505 ENNODIVS.

113 1570 196 1636 Boni
217 1568 419 1654 imperatoris
442 1570 490 1634 est
510 1570 674 1653 probat-am
695 1568 728 1635 in
751 1570 818 1636 ecio
840 1568 953 1635 militis
975 1570 1115 1637 enimere
1137 1572 1205 1639 nir·

74 1674 192 1750 tutem,
222 1672 261 1737 ut
283 1669 435 1736 fortitudo
466 1670 568 1737 leudis
597 1672 722 1755 pabulis
745 1674 881 1739 incitate
909 1673 942 1739 in
964 1674 1108 1740 secundis
1130 1690 1205 1741 oon·

55 1777 232 1861 egressibus
254 1773 395 1839 dediscat
417 1772 498 1838 lucis
521 1772 680 1841 adiectum
704 1776 793 1841 cuius
816 1776 911 1841 robur
932 1777 1019 1844 ducis
1041 1778 1207 1861 praeconio

73 1900 135 1945 non
158 1880 327 1944 nutritur?
355 1876 469 1961 quibus
493 1896 535 1967 se³
549 1878 705 1964 denegent
727 1882 823 1947 stiam
844 1880 948 1971 minus
969 1881 1074 1948 uelide
1095 1880 1206 1949 thenis

74 1987 217 2051 membre
232 1982 442 2062 conflictibus,
459 1983 582 2067 quando
602 1988 731 2051 rectoris
751 1984 931 2053 testimonio
952 1984 1041 2050 uidet
1055 1984 1119 2050 sibi
1140 2002 1203 2051 non

73 2088 172 2171 perire
188 2087 271 2170 quod
286 2086 443 2170 gesserit?
465 2086 532 2153 sola
552 2087 606 2154 nie
628 2090 687 2169 cst,
710 2108 774 2171 qne
795 2090 835 2155 ad
849 2086 1066 2173 proeliandum
1088 2092 1205 2156 mosset

73 2192 215 2267 intentio,
239 2190 383 2274 quotiens
404 2188 484 2256 bene
506 2193 597 2275 geste
618 2210 681 2257 non
703 2189 788 2257 delet
811 2191 939 2259 obliuio.
976 2192 1099 2259 utinam
1121 2191 1204 2258 diui·

44 2296 156 2358 sonilas
179 2294 295 2358 uestris
318 2296 407 2358 mota
439 2296 582 2376 precibus
613 2292 805 2360 diabolicum
839 2296 995 2362 certarnen
1026 2295 1204 2363 interimett

73 2399 196 2461 utinam
211 2399 408 2461 deuotiouem
423 2416 526 2463 mecm
549 2399 582 2462 in
596 2416 672 2482 pecc
693 2398 886 2479 menifestst,
906 2400 943 2465 ut
958 2396 1045 2464 coins
1063 2398 1205 2467 studium

75 2498 249 2585 resignarit
271 2500 458 2583 educentes,
489 2500 576 2565 illius
598 2503 761 2568 concordie
788 2502 985 2569 commendet
1005 2502 1205 2585 obsequium!

76 2606 110 2667 ed
132 2602 374 2669 Marcellianum
407 2604 586 2686 episcopum
618 2604 736 2671 directe
768 2605 818 2671 est
846 2623 865 2671 e
893 2604 988 2671 fretrc
1022 2608 1126 2671 uestro
1153 2604 1204 2671 in·

76 2708 193 2771 structe
206 2707 340 2791 legetio:
357 2706 411 2771 sed
426 2706 502 2789 qnid
517 2707 708 2790 promouerit
723 2708 790 2790 ipse
804 2708 973 2790 rescripsit.
996 2709 1077 2790 quod
1093 2708 1203 2787 restet,

47 2810 222 2889 epomectis
252 2808 451 2874 salutationis
473 2827 581 2892 precor
603 2808 726 2889 officiis,
760 2814 797 2875 ut
820 2810 966 2895 quicquid
997 2828 1128 2895 aegrum
1155 2814 1204 2875 est

78 2913 197 2977 medice
219 2912 360 2977 cretione
382 2912 498 2977 curetis
521 2916 553 2978 ot
572 2914 657 2978 inter
678 2912 850 2980 latentium
877 2914 998 2980 secrete
1020 2911 1201 2979 morborum

80 3014 129 3095 qui
149 3016 186 3081 in
206 3014 384 3098 generalem
413 3034 522 3082 necem
548 3018 692 3083 seruatur
719 3016 803 3083 ferro
824 3015 961 3101 spiritali
988 3017 1131 3083 resecetis
1152 3036 1203 3083 er·

79 3135 187 3185 rorem.
211 3118 292 3183 uelo.

620 3274 663 3339 Π.

45 3452 74 3490 eo
363 3484 368 3495 ,
455 3428 645 3487 merome
663 3429 822 3487 mooun

120 3550 314 3618 Venerabilis
328 3552 499 3619 Amantius
520 3550 686 3637 presbyter
705 3554 783 3619 dum
805 3554 846 3620 ed
867 3570 923 3620 uos
944 3550 1075 3637 pegines
1096 3551 1201 3636 erigit,

81 3670 140 3720 rem
161 3653 338 3721 deuotionis
365 3674 453 3721 moee
480 3654 531 3721 sui
553 3674 620 3722 esse
648 3655 727 3723 fecit
747 3655 883 3739 imperii.
923 3654 997 3723 felir
1024 3658 1201 3737 necessitas,

127 3893 147 3948 l
178 3892 337 3948 aetmecho
357 3890 388 3957 T,
416 3892 563 3949 simmacho
580 3892 609 3947 B
708 3908 776 3963 pepe
795 3894 822 3947 Τ
920 3892 1034 3949 brobor
1052 3892 1135 3950 BLV

79 3980 196 4045 preconio
214 3980 244 4035 Β
345 3980 362 4033 6
379 3981 483 4049 tyronis
501 3978 586 4035 LPV
685 3981 703 4036 8
720 3980 783 4051 qne]
801 3980 849 4051 qni
867 3980 895 4036 Ie
991 3978 1150 4050 poliendum
1165 3976 1202 4045 Ie,

78 4065 241 4131 preliandum
259 4064 288 4118 Β
388 4064 503 4120 9debet
519 4065 548 4121 L
653 4067 689 4122 12
709 4066 863 4121 cosmendet
881 4065 923 4135 B,
949 4064 1090 4121 comendet
1108 4064 1135 4120 T

78 4147 311 4204 lermoennum
329 4146 374 4202 Pb
478 4147 598 4218 requei
615 4148 655 4203 Β*
759 4150 792 4205 15
808 4148 940 4220 quidquid
957 4148 1013 4205 BL
1107 4164 1201 4221 egrmn

78 4248 110 4303 Β
202 4233 390 4320 reoffertur
491 4252 717 4311 remeasse

129 4356 165 4412 n
195 4356 229 4412 21
249 4353 381 4422 aeneo
482 4356 519 4411 se
534 4356 604 4413 seu
623 4356 662 4411 ι·

130 4458 174 4516 vn
1081 4464 1097 4517 r
