2934 4934
573 386 690 456 logni
706 386 838 442 Feliois
855 385 988 442 Lunodi

736 576 826 643 VIII.

592 710 776 769 Ennomus
803 712 969 769 sunnam.

260 816 412 899 Quamuis
447 834 503 901 pro
535 819 672 902 peooatis
707 818 786 885 meis
825 818 922 885 etiam
955 818 1133 883 litterarum
1168 819 1346 882 uestrarum

153 937 155 941 ·
216 921 334 987 solaoia
362 920 588 1001 subducantur,
623 941 679 1007 ego
707 924 812 989 tamen
830 939 951 988 memor
980 920 1095 998 debiti,
1125 937 1262 1004 quomo
1291 938 1347 1003 par

216 1027 351 1111 gratiam
366 1026 504 1091 uestram
518 1025 556 1090 ut
571 1026 621 1091 dei
636 1044 790 1091 memores
806 1024 977 1110 obligastis,
994 1025 1129 1093 seribere
1144 1043 1206 1090 non
1221 1022 1345 1101 omitto,
1366 1036 1379 1078 ε

216 1146 353 1211 sperans,
372 1127 484 1192 domne
498 1124 617 1207 Seueri,
637 1130 675 1193 ut
690 1127 794 1207 deum,
819 1147 911 1212 quern
927 1128 961 1193 in
977 1147 1027 1193 ma
1043 1126 1199 1213 cogitasti,
1220 1141 1346 1206 semper

215 1232 359 1297 attendas
382 1235 415 1295 et
436 1234 616 1314 frequenter
638 1230 717 1298 mihi
746 1229 926 1295 litterarum
955 1234 1132 1295 uestrarum
1159 1246 1273 1294 munus
1296 1228 1345 1293 in·

215 1334 344 1417 pertiae.
383 1331 508 1401 domine
530 1333 591 1414 mi,
621 1334 722 1401 saluto
744 1332 917 1417 plurimum
939 1330 1114 1399 reuerentia
1143 1332 1293 1398 consueta
1315 1331 1347 1395 et

216 1435 347 1521 inploro,
370 1441 407 1501 ut
428 1456 485 1520 per
506 1453 612 1503 omnes
635 1438 813 1503 sanatorum
835 1435 979 1501 basflioas
998 1454 1054 1521 pro
1076 1434 1254 1503 adfliotione
1275 1452 1347 1501 mea

220 1538 314 1605 deum
335 1556 445 1624 rogare
466 1558 526 1606 non
550 1539 680 1606 desinas.
1356 1554 1381 1597 ιο

723 1709 832 1777 VIIII.

600 1843 785 1903 LNNODIVS
813 1844 960 1901 FAVSTO.

259 1951 411 2034 Quamuis
434 1953 473 2017 ad
496 1951 629 2017 tutelam
650 1950 809 2035 pontilicis
831 1950 1011 2017 innocentia
1032 1948 1128 2017 offleii
1151 1948 1216 2016 eius
1245 1968 1348 2016 eomes

215 2055 350 2121 adsistat
378 2072 435 2119 neo
463 2071 539 2138 opus
568 2051 612 2120 sit
641 2053 787 2119 humanis
816 2054 938 2121 solariis
964 2054 1008 2135 ei,
1039 2054 1093 2137 qui
1115 2052 1348 2120 humanitatem

215 2156 403 2241 professione
433 2157 611 2238 superauit,
638 2156 700 2221 soit
722 2160 830 2223 tamen
853 2156 1048 2240 omnipotens
1072 2156 1148 2222 dens
1171 2174 1222 2220 me
1244 2156 1382 2221 sanctire

217 2259 354 2344 episcopi
376 2258 537 2342 portitoris
551 2261 762 2342 praesentium
776 2260 906 2329 iussioni
922 2260 1064 2326 exactum
1081 2258 1259 2342 inpendisse
1274 2278 1349 2326 oon·

215 2362 366 2445 loquium
411 2362 465 2426 diu
494 2362 579 2427 enirn
608 2361 839 2443 romanarum,
869 2381 906 2427 ne
936 2380 1083 2447 arrogans
1111 2363 1288 2441 uideretur,
1317 2360 1347 2431 si

216 2464 360 2531 minister
381 2462 557 2531 antistitem
581 2465 613 2529 et
633 2465 718 2547 apud
741 2465 974 2532 sanctissimam
998 2465 1220 2532 conscientiam
1251 2466 1347 2550 potis

214 2568 333 2633 simum
355 2566 407 2633 uir
429 2566 593 2632 mediooris
617 2566 782 2634 adsereret.
829 2568 883 2634 sed
916 2567 1056 2651 perfeeto
1078 2568 1275 2634 oboedientia
1296 2570 1348 2633 eet

216 2670 364 2755 quioquid
386 2688 527 2735 summos
552 2668 651 2753 exigit
671 2689 732 2736 non
755 2672 875 2754 negari.
915 2674 947 2737 et
969 2672 1037 2736 ideo
1059 2670 1198 2754 praelato
1221 2670 1382 2736 debitae»

215 2774 416 2839 salutationis
438 2774 585 2855 obsequio
613 2792 738 2857 precor,
767 2778 804 2839 ut
834 2776 874 2840 ad
898 2774 1139 2839 oonsolationem
1161 2772 1273 2840 multis
1294 2774 1347 2839 in-

215 2874 460 2959 pugnationibus
481 2876 683 2959 praegrauati
705 2876 880 2943 subsidium
903 2874 1079 2955 conferatis,
1103 2877 1255 2961 quatenus
1279 2876 1347 2942 sin·
1455 2916 1456 2941 r

214 2979 335 3064 gularis
365 2977 438 3046 boni
465 2996 533 3043 reru
561 2977 708 3044 facientes
738 2996 800 3044 non
834 2980 1000 3063 patiamini
1028 2979 1211 3045 inmeritum
1240 2997 1345 3045 saeer-

216 3084 322 3148 dotem
346 3082 512 3147 diuturnae
534 3081 690 3147 subiacere
719 3083 905 3150 maestitiae.

759 3254 798 3319 X.
1355 3278 1386 3319 as

597 3388 784 3446 ENNODIVS
810 3390 957 3447 FAVSTO.

257 3494 354 3576 Deos,
376 3494 431 3577 qui
454 3494 604 3561 bonorum
628 3513 756 3577 operum
778 3497 883 3564 animo
899 3498 1005 3563 uestro
1025 3495 1161 3563 inseruit
1183 3496 1345 3577 affectum,
1453 3510 1454 3526 *

215 3596 284 3681 ipse
305 3599 528 3681 obsequentem
549 3598 612 3664 sibi
633 3599 730 3682 longa
751 3598 1087 3667 islioissimumaetate
1107 3602 1247 3680 tueatur,
1271 3600 1346 3683 quia

265 3801 343 3857 VIII.
377 3803 396 3857 b
421 3800 569 3871 obligatas
595 3802 623 3857 B
730 3802 837 3859 domine
863 3804 938 3860 BTb
964 3804 987 3873 (i
1009 3803 1074 3863 odd.
1097 3804 1126 3859 B
1151 3820 1187 3859 m.
1209 3806 1276 3875 roa)

212 3888 229 3941 i
246 3886 375 3943 adtendas
392 3886 421 3943 L
522 3888 645 3958 impiln'as
662 3887 691 3943 L
792 3892 811 3945 8
827 3889 896 3945 mihi
913 3889 1000 3947 BLV

264 3989 618 4048 melerurdlnnB
706 3992 836 4048 oomlsB
929 3992 1158 4051 tumemus
1246 3994 1348 4050 lban-
1451 3994 1452 4070 l

209 4112 372 4167 utrumn
472 4084 600 4197 reolo
695 4114 889 4184 manmena
987 4114 1276 4184 eapropter-unns

210 4196 444 4265 quasnam

261 4300 551 4357 noemma
