2934 4934
256 360 297 425 78
611 355 725 425 Magni
743 354 870 410 Falinis
889 353 1018 411 Lnnodi

254 565 310 631 per
330 546 429 622 illam,
444 564 538 628 qrmm
556 563 573 610 e
588 545 673 609 eaelo
688 544 877 628 sumpsimus
892 546 1023 627 partem,
1042 544 1155 611 animis
1170 544 1379 630 iungeremur.

255 648 346 715 index
367 666 472 714 merae
493 646 667 713 altendonis
690 648 763 713 uota
784 651 945 731 pectorum
972 647 1081 731 lingna
1102 647 1254 733 signaret,
1288 648 1317 713 si
1338 647 1380 713 ad

257 750 402 817 desiderii
429 751 548 833 eopiam
577 749 730 816 militaret
762 750 824 815 oris
852 750 991 816 offioium
1018 752 1053 816 et
1075 750 1235 833 penetrale
1260 752 1379 817 ,mentis

257 854 449 939 resignatum
476 854 633 919 moeretur
659 852 693 916 in
720 852 850 917 literis:
881 856 955 919 tune
982 852 1069 919 nullo
1097 854 1210 919 entitas
1233 854 1381 939 negleotu

257 958 472 1037 uetereseeret,
495 958 569 1023 tune
583 956 748 1040 diligentia
763 959 890 1023 mutuae
905 955 1109 1023 deuinetionis
1123 976 1182 1023 usu
1196 955 1295 1039 polita
1316 956 1382 1022 fnl-
1401 978 1414 1017 e

256 1060 343 1144 geret
364 1078 420 1126 neo
442 1058 552 1125 soabre
575 1060 726 1125 memoria
749 1059 849 1125 nostri
872 1060 995 1142 torpore
1018 1060 1200 1125 laederetur.
1229 1062 1282 1127 sed
1305 1060 1382 1142 qnid

256 1162 368 1228 manni
384 1163 466 1245 quod
480 1162 559 1227 mihi
574 1162 756 1227 meritorum
772 1180 918 1227 meorum.
935 1162 1066 1227 notulae
1087 1162 1285 1229 serenitatem
1301 1162 1381 1229 bene

255 1266 388 1332 amantis
405 1265 561 1332 obducunt
573 1268 606 1330 et
615 1264 805 1333 obliuionem
816 1265 878 1330 ruei
893 1266 1022 1347 peeoata
1037 1264 1229 1332 oonoiliant?
1243 1264 1381 1333 lasessat

256 1370 451 1454 aproposito
482 1386 549 1433 meo
571 1368 690 1433 imitari
713 1369 794 1452 qnod
822 1368 938 1434 laetum
963 1369 1048 1434 doleo
1079 1373 1110 1435 et
1140 1388 1195 1452 per
1218 1368 1381 1435 silentium

256 1490 378 1537 sumere
393 1472 431 1537 de
447 1474 550 1537 uestra
572 1471 787 1536 taciturnitate
801 1472 983 1539 uindictam.
1009 1472 1138 1556 geminis
1153 1490 1224 1556 ergo
1240 1472 1382 1539 stimulis
1392 1497 1415 1536 ro

255 1575 349 1640 uerba
372 1576 518 1642 eonoessi.
543 1593 654 1659 negare
676 1594 738 1641 non
756 1576 844 1659 potui
867 1574 1077 1643 oonmsroium
1101 1573 1274 1658 epistolare,
1298 1576 1382 1658 quod

256 1680 286 1743 ot
309 1696 403 1745 eausa
424 1680 565 1764 poposcit
587 1681 619 1744 et
634 1679 746 1763 gratia.
770 1678 857 1744 scitis
881 1680 996 1763 optime
1019 1696 1096 1761 quae
1117 1697 1136 1744 a
1157 1676 1245 1743 uobis
1269 1680 1303 1743 et
1325 1699 1382 1763 per

256 1800 306 1847 me
339 1783 371 1846 et
402 1800 455 1848 ore
488 1783 611 1868 proprio
645 1786 771 1849 sanetus
804 1786 893 1865 pater
923 1786 1026 1847 uester
1054 1781 1186 1846 domnus
1217 1781 1381 1866 episcopus

257 1884 445 1969 postulauit,
479 1887 515 1949 ut
538 1903 684 1967 expensa,
713 1903 791 1968 quae
812 1901 866 1967 pro
889 1882 1123 1950 necessitatibus
1147 1884 1251 1949 domni
1279 1903 1382 1968 pupae

220 2006 243 2048 v
258 1986 421 2051 Rauennae
444 1986 527 2053 faeta
550 1989 609 2065 est,
624 1986 810 2053 redibitione
832 1989 1024 2071 pensaretur.
1048 1986 1141 2052 certis
1164 1986 1246 2052 enirn
1269 1992 1414 2072 poten-re

257 2089 357 2169 tibus,
386 2109 517 2175 qnorum
550 2090 676 2155 nomina
697 2091 802 2156 tutum
834 2107 893 2155 non
917 2092 963 2155 est
985 2090 1099 2174 seripto
1122 2090 1252 2173 signari,
1288 2092 1379 2157 nouit

257 2193 410 2271 dominus,
434 2184 505 2277 quia
527 2193 598 2277 plus
620 2211 713 2277 quam
730 2192 972 2279 quadringentos
995 2193 1062 2258 anri
1085 2192 1199 2269 solidos
1221 2194 1381 2276 erogauit:

225 2288 311 2360 ‘hos
334 2314 383 2359 me
406 2296 499 2360 fidem
523 2294 645 2361 dicente
668 2297 829 2361 concessit.
854 2297 939 2361 frons
961 2314 1030 2361 mea
1051 2297 1133 2379 apud
1156 2297 1256 2378 ipsum
1279 2296 1382 2363 litera

254 2415 320 2463 esse
343 2417 403 2464 non
418 2398 531 2481 potest,
556 2401 651 2465 donee
673 2418 728 2482 per
751 2416 815 2481 uos,
838 2399 920 2465 siout
943 2399 1070 2479 confide,
1094 2398 1278 2482 pollicitatio
1295 2418 1381 2466 eom·
1451 2388 1452 2433 ³

255 2500 386 2583 pleatur.
420 2500 532 2566 ideireo
561 2500 658 2566 direxi
685 2500 895 2583 praesentium
922 2502 1122 2585 perlatorem,
1158 2502 1318 2568 hominem
1350 2508 1417 2568 etro

255 2602 416 2685 religionis
440 2607 470 2668 et
485 2603 568 2683 fidei,
591 2607 626 2668 ut
649 2602 688 2669 ab
710 2604 769 2669 hae
792 2623 841 2668 me
864 2623 957 2687 quam
978 2600 1134 2687 praelatus
1156 2623 1224 2669 sunu
1241 2626 1382 2673 oonuen·

255 2706 339 2771 tione
374 2709 405 2771 et
438 2707 550 2774 iniuria
577 2706 755 2772 sublauetis.
798 2708 877 2772 unde
905 2706 1101 2773 salutationis
1130 2706 1277 2774 honorem
1313 2712 1383 2776 tota

255 2808 435 2875 humilitate
457 2813 635 2893 persoluens
658 2827 732 2893 rogo
748 2828 802 2893 per
823 2809 915 2875 illum
931 2811 1115 2889 contestans,
1132 2810 1185 2893 qui
1201 2814 1384 2879 eommunia

255 2912 337 2976 eirea
359 2915 502 2978 sanetum
531 2933 643 2998 papam
670 2915 744 2981 noa
772 2913 922 2996 respexit,
956 2916 992 2978 nt
1013 2914 1159 2981 ordinetis
1182 2914 1316 2997 qualiter
1341 2916 1382 2983 ab

254 3012 431 3079 huiusmodi
453 3017 666 3099 inquietudine
681 3016 808 3081 releuer.
832 3017 936 3082 tamen
959 3016 985 3081 si
1002 3017 1210 3083 uerecundum
1234 3036 1301 3084 esse
1318 3038 1419 3086 nonae

308 3256 484 3310 laumsinrus
502 3256 586 3310 LPV
679 3255 762 3310 animi
782 3256 804 3308 si
822 3256 849 3309 Β
952 3256 1107 3313 2111de
1208 3272 1296 3312 maere
1315 3258 1384 3325 LV,

254 3392 324 3430 mere
341 3374 397 3430 BT
492 3377 515 3430 si
533 3392 583 3431 om.
602 3376 630 3430 Β
730 3376 748 3429 3
765 3374 870 3444 cupiam
889 3377 916 3429 Β
1017 3348 1256 3446 le'retsignstnm
1278 3380 1303 3433 Τ
1326 3354 1385 3436 1ιή

254 3479 318 3533 odd.
336 3481 410 3533 m.2
509 3480 526 3533 5
553 3483 728 3534 neteraseeret
757 3478 808 3533 Po
911 3478 1053 3549 diligentia
1076 3480 1137 3547 BP,
1173 3480 1299 3551 diligenti
1326 3484 1388 3540 ΒΤ

257 3582 297 3637 Vb
401 3584 494 3636 mutue
516 3581 543 3635 Β
643 3580 750 3651 fulgent
775 3580 810 3636 T*
913 3585 930 3637 6
947 3570 990 3637 ῃῖἰ
1009 3584 1050 3651 B,
1080 3584 1163 3638 uestri
1182 3582 1307 3641 LPTVb

254 3684 357 3739 lmihi
375 3686 402 3739 Β
419 3701 440 3739 e.
457 3686 474 3740 1.
577 3686 663 3741 timei
675 3689 783 3755 peecata
796 3700 854 3740 mea
872 3684 954 3742 Sim.
1058 3688 1089 3741 11
1110 3688 1294 3744 oommeroinm
1315 3690 1383 3759 BL,

254 3806 440 3863 commertium
468 3806 493 3859 Y
592 3806 625 3861 12
654 3780 795 3894 propospit
821 3808 849 3862 Β
945 3790 1004 3863 'soit
1031 3810 1055 3879 (s
1078 3824 1112 3863 ea
1135 3827 1148 3864 e
1172 3814 1253 3878 corr.)
1281 3811 1309 3866 L

254 3946 288 4000 14
313 3960 380 4014 pape
406 3942 488 3998 ΒΝ
590 3912 758 4030 161υῗιῗΒ,
784 3950 861 4001 tuum
880 3947 907 4000 L
1004 3946 1113 4016 scriptio
1131 3946 1158 4001 L
1262 3948 1295 4002 l‘l
1314 3964 1384 4019 qna·

253 4039 390 4135 dirigentes
418 4066 442 4120 V
543 4064 643 4120 solidus
667 4066 694 4120 L
796 4068 831 4121 20
856 4067 949 4122 ieoiroo
974 4067 999 4121 Τ
1100 4066 1195 4153 direxit
1221 4070 1251 4135 T,
1280 4070 1385 4127 direxit

253 4168 384 4223 BLPVt
472 4173 515 4242 ¹et
540 4186 591 4225 om.
620 4169 700 4247 Sirra.
804 4172 835 4225 21
860 4186 902 4225 me
924 4170 959 4226 ab
982 4172 1032 4255 hae
1059 4172 1084 4227 T
1182 4172 1217 4227 24
1240 4176 1383 4247 sanetum]

254 4288 311 4339 spru
332 4274 357 4326 T
