2934 4934
437 417 671 489 Epistularum
691 419 779 476 liber
796 419 890 478 vnn.
1162 423 1226 492 259

93 605 235 673 donenit
251 606 389 673 cultores
405 603 524 674 Christi
539 607 680 691 perfecte
696 609 802 676 omnio
817 613 1048 693 promerentem
1065 611 1142 696 ipsis
1151 611 1228 677 solis

93 711 127 775 in
162 710 380 777 coniunctione
413 728 507 794 opum
542 712 697 778 mentium
738 715 772 780 ct
808 713 970 796 sanguinis
1003 713 1131 780 claritas
1164 731 1226 780 non

92 816 237 897 negetur.
263 831 318 896 spe
339 813 581 897 praecipiebam,
603 818 684 898 quod
706 817 807 901 pessit
827 818 902 883 telis
925 817 1017 896 ellici,
1039 818 1164 901 qudem
1185 819 1226 884 ed

93 919 127 980 tc
150 916 244 982 sudio
272 917 337 982 iam
365 917 499 983 uenbse.
536 919 652 984 tmnsit
685 921 936 987 aestimationem
958 937 1062 986 meam
1084 923 1160 1003 quid
1184 921 1227 986 de

70 1019 163 1084 seius
187 1019 323 1086 bominis
355 1021 499 1103 profectu
532 1022 677 1102 sentium,
711 1042 805 1106 quem
839 1023 932 1090 audio
961 1023 1002 1090 ab
1025 1023 1153 1108 optimis
1175 1025 1225 1088 in-

95 1121 238 1190 choasse.
261 1124 384 1190 domine
405 1126 467 1204 mi,
487 1127 626 1211 gratiam
647 1125 850 1194 salutationis
871 1126 1041 1212 inpertiens
1063 1145 1165 1210 spero,
1187 1130 1224 1193 ut

90 1225 278 1309 petitionem
300 1227 401 1294 sancti
424 1226 561 1314 episcopi
574 1227 675 1314 patris
690 1230 790 1296 uestri
813 1231 985 1314 dignemini
1006 1229 1226 1297 incunctanter

89 1327 219 1394 efficere
242 1331 273 1396 et
297 1328 416 1396 homini
439 1331 538 1415 ipsius
561 1331 685 1398 classici
707 1331 819 1414 illum,
847 1336 885 1400 de
913 1350 973 1418 quo
995 1351 1121 1399 securos
1142 1351 1224 1414 sum,

88 1430 213 1514 gratiae
236 1433 376 1544 animum
399 1433 580 1500 condonare.

58 1696 80 1736 ro
594 1673 722 1741 XXXV.

456 1843 640 1900 ENNODIVS
663 1845 859 1901 MESSALAE.

132 1983 242 2050 Solent
281 1983 475 2069 inauspicato
513 1983 666 2051 felicitete
704 1984 910 2068 superbarum
946 1988 1100 2053 mentium
1139 1987 1221 2054 colle

88 2087 269 2152 mollescere
292 2087 324 2152 et
344 2085 504 2172 rigidioris
526 2087 676 2172 propositi
705 2106 785 2155 nouo
812 2089 926 2174 gaudio
948 2090 1116 2174 supercilia
1137 2091 1219 2156 tem

86 2192 202 2275 petati.
225 2208 301 2256 nam
324 2189 553 2275 benignitatem
582 2191 718 2258 seminat
747 2193 895 2276 quicquid
923 2193 1006 2260 uotis
1036 2193 1219 2277 obsequitur

57 2313 145 2360 enee
168 2294 240 2376 plus
262 2293 381 2376 aliquid
403 2293 551 2360 humiliet
568 2295 748 2377 potissimos
775 2313 869 2378 quam
897 2298 1004 2379 opleta
1026 2296 1216 2362 sublimitas.

86 2397 241 2462 indicium
269 2397 494 2463 communionis
523 2399 555 2464 et
586 2396 725 2482 obsequii
749 2402 798 2464 est
821 2398 861 2464 ad
885 2400 1006 2482 apicem
1028 2401 1216 2483 peruenisse.

87 2504 122 2564 tu
145 2503 315 2582 postquem
337 2501 376 2566 ad
399 2501 505 2583 cupite
519 2503 686 2584 prouectus
708 2520 751 2582 es,
774 2503 914 2587 ignorato
929 2504 1080 2570 hactenus
1095 2503 1218 2568 tumore

85 2622 137 2668 me
161 2602 309 2685 despicis=
337 2603 369 2669 et
397 2603 471 2686 quid
500 2603 534 2670 in
555 2605 649 2671 melle
678 2607 733 2671 tuo
761 2605 910 2688 respicies
933 2604 1062 2686 oblitus,
1092 2606 1131 2671 de
1152 2605 1218 2671 sola

88 2706 205 2771 amicos
239 2710 360 2771 ueteres
396 2707 520 2775 futurae
555 2711 658 2774 uxoris
682 2709 842 2791 opulentia
864 2706 1047 2790 contemnis,
1076 2708 1217 2773 nesciens

56 2811 243 2876 cusentinam
258 2809 363 2876 uenire
379 2810 460 2876 unde
476 2809 622 2877 aestimas
637 2829 811 2877 commeare
832 2827 898 2876 rem
912 2809 1056 2894 praemii,
1077 2810 1217 2893 primum

87 2912 169 2996 quod
191 2913 342 2978 mobilem
376 2931 440 2980 esee
475 2930 537 2980 non
570 2914 658 2980 decet
691 2913 746 2997 qui
779 2913 908 2998 originis
930 2931 1005 2981 suae
1027 2913 1131 2980 radice
1153 2930 1216 2977 non

86 3014 265 3093 obumbret,
280 3016 400 3094 deinde,
416 3015 489 3099 quie
506 3016 587 3082 unde
601 3016 753 3100 despicior
768 3015 959 3082 uindicebcr.
978 3035 1050 3101 ergo
1066 3017 1106 3082 ed
1122 3035 1215 3082 usum

87 3118 300 3200 promissionis
322 3120 454 3203 benigne
477 3119 644 3198 reuertere,
667 3140 705 3186 ne
722 3121 832 3186 uidear
845 3119 1013 3186 manifesta
1028 3119 1214 3203 suspicatus.

88 3241 153 3307 ego,
178 3225 253 3305 quia
274 3223 423 3289 hactenus
446 3222 485 3289 ab
510 3223 688 3306 scriptionis
702 3240 830 3289 munere
850 3221 1061 3307 temperastis,
1083 3223 1116 3289 in
1138 3223 1216 3289 baec

134 3511 218 3583 depe
233 3511 341 3582 scripsi
368 3511 426 3582 ipse
443 3512 507 3568 libri
600 3513 778 3583 precipiebam
794 3513 823 3568 Β
918 3513 987 3570 tales
1004 3514 1033 3568 Β
1126 3510 1216 3568 eeiflei

82 3600 111 3654 B
209 3598 332 3669 edJaT
431 3599 956 3668 cquid—oprimisrrsraeece
1057 3597 1215 3654 tincousso

82 3684 111 3739 Β
216 3687 233 3741 6
255 3684 293 3739 mi
312 3685 346 3750 Ρ,
372 3681 439 3738 milri
458 3683 550 3748 BLV,
575 3683 659 3740 michi
679 3685 705 3741 Τ
805 3684 910 3754 gratias
934 3684 962 3739 12
1064 3683 1214 3753 inperciens

83 3771 111 3825 Β
215 3771 230 3824 7
250 3769 396 3841 dignimini
414 3770 442 3824 Β
542 3773 654 3841 bgrete
672 3769 756 3826 ΜΨ
856 3771 956 3826 donus
977 3771 1003 3824 T

133 3889 243 3946 XXXV.
271 3891 304 3946 ll
321 3891 434 3946 morsele
451 3889 547 3947 Bw
640 3891 673 3944 13
690 3890 840 3946 molliscere
857 3891 893 3955 B,
917 3889 1102 3948 remollescere
1122 3891 1149 3946 T

82 3986 116 4040 15
133 3986 342 4056 pom-tissimoe
360 3983 388 4040 L
478 3985 571 4042 obtete
588 3983 623 4051 Β,
651 3985 743 4040 oblate
759 3985 827 4051 sort.
922 3985 957 4039 16
973 3984 1105 4040 indicium
1122 3982 1213 4049 Sirm,

80 4081 212 4136 iudicium
225 4081 276 4146 Pb,
298 4080 395 4136 indicti
406 4079 490 4136 m
500 4085 525 4136 et
534 4081 601 4147 fort.
612 4078 650 4150 Β,
672 4095 740 4135 eom
750 4081 839 4136 ceto
849 4079 916 4134 tede
928 4095 948 4134 o
959 4079 976 4134 l.
989 4083 1024 4134 14
1040 4078 1167 4134 num-l.
1180 4081 1214 4134 19

80 4175 180 4231 amicos
197 4175 274 4230 taB
296 4175 417 4246 emicui
433 4181 548 4244 possunt
650 4174 684 4228 ll
706 4173 896 4243 concupiteT
996 4175 1100 4229 tumere
1121 4173 1148 4229 V

82 4271 117 4326 19
127 4270 227 4325 emices
240 4271 264 4336 b,
287 4269 373 4324 amica
384 4268 498 4336 LPTV,
521 4269 589 4338 quid
600 4269 629 4322 Β
646 4267 772 4326 cotom
782 4284 842 4324 eoo
853 4267 945 4338 liquet,
961 4265 1028 4333 fort.
1041 4267 1143 4324 amicus

82 4356 250 4426 contempnis
268 4355 351 4412 aa?
450 4357 486 4412 ΒΟ
503 4356 610 4411 uenires
627 4356 656 4411 Β
756 4354 979 4426 repromisionis
995 4354 1024 4409 Β

1054 4456 1109 4512 17*
