2934 4934
427 369 663 440 Epistularum
683 370 772 425 liber
790 370 843 426 III.
1150 374 1189 439 81

80 559 188 623 litteris
218 557 340 623 inuenit
371 559 563 641 prouidentia
596 578 743 644 superna,
779 576 998 625 concurrerem.
1036 561 1089 626 sed
1118 562 1191 643 quid

80 661 198 738 iudam,
227 663 347 742 quaudo
369 662 458 728 tanta
479 667 526 727 est
548 662 731 728 uenientum
754 662 900 745 comasio,
929 665 966 726 ut
998 664 1116 729 nescias
1138 664 1191 747 qui

44 838 48 842 ,
79 763 274 845 potissimum
296 763 476 847 deligendus
498 764 556 842 sit,
586 764 637 829 cui
664 762 821 830 reddenda
843 766 968 829 sanctae
990 766 1192 831 conscientiae

79 866 199 929 uestrae
221 864 343 947 possint
364 866 479 949 scripta
495 866 674 932 committi?
695 866 828 932 tmbnnt
842 868 923 931 enirn
945 868 978 931 in
1001 869 1191 934 occasionem

57 968 239 1049 econpendii
256 970 305 1033 sui
321 968 447 1033 uiliores
462 968 607 1051 quicquid
623 985 677 1033 nos
692 970 887 1053 praestamus
902 969 1033 1045 affectui,
1051 974 1083 1036 et
1098 988 1192 1055 graue

77 1071 123 1134 est
143 1074 179 1134 ut
195 1071 310 1136 seruiat
325 1069 490 1153 cupiditati
505 1071 586 1153 qued
602 1071 698 1155 exigit
713 1072 762 1137 uis
778 1072 900 1137 ameris.
924 1072 1037 1137 idcirco
1053 1075 1192 1138 animum

77 1192 172 1254 usque
199 1172 238 1236 ad
268 1174 429 1239 domestici
457 1174 620 1258 perlatoris
653 1174 920 1256 opportunitatem
953 1174 992 1240 ab
1025 1174 1192 1258 scriptione

77 1277 240 1357 suspendi,
270 1296 310 1341 ne
332 1276 510 1363 diligentiae
537 1276 616 1342 ratic
638 1295 746 1359 sparsa
766 1294 820 1361 per
840 1276 1001 1342 inmeritos
1022 1277 1192 1359 perlatores

76 1379 176 1442 aliena
197 1378 423 1461 inportunitate
445 1380 599 1445 ranciscat
626 1382 657 1444 et
685 1379 724 1445 ad
755 1398 804 1443 me
835 1379 924 1463 culpa
944 1380 1050 1447 redeat
1073 1400 1150 1464 quae
1173 1398 1192 1445 a

44 1500 126 1545 nme
140 1500 202 1546 nen
224 1484 356 1567 sumpsit
377 1483 544 1549 exordium.
566 1483 783 1549 necessitatem
805 1500 876 1567 ergo
891 1483 1048 1565 procurati
1071 1482 1188 1549 silentii

74 1583 215 1649 breuiter
236 1584 391 1667 explicans
413 1586 453 1651 ad
477 1604 566 1651 nsum
584 1604 634 1651 me
655 1585 832 1671 paginalem
854 1588 1009 1665 concedo,
1033 1605 1087 1668 per
1109 1586 1189 1669 quod

74 1687 303 1769 magnitudinis
324 1692 446 1753 uestrae
469 1687 547 1752 mibi
561 1689 771 1770 praesentiam
793 1688 918 1753 secretis
941 1690 1114 1754 emmenum
1134 1687 1190 1752 iti-

74 1788 202 1854 neribus
224 1793 383 1871 erpectata
404 1808 460 1871 per
480 1790 606 1872 paginas
628 1788 723 1855 uerba
746 1790 926 1855 concedunt.
949 1791 1020 1856 uale
1044 1807 1125 1875 ergo,
1148 1790 1192 1855 mi

74 1892 214 1970 domine,
249 1894 282 1957 et
313 1893 484 1974 illaquam
512 1893 606 1959 debes
639 1895 745 1978 generi
779 1894 945 1959 serenitate
978 1892 1192 1976 frequentibus

44 2000 231 2059 sementem
252 1992 323 2061 ione
344 1995 616 2079 conloquiisque
636 1995 759 2062 nullum
781 2002 827 2061 eet
848 2000 914 2063 tam
935 1996 1109 2063 ueuembile
1124 2015 1192 2061 mu·

73 2115 133 2161 uns
155 2096 304 2181 sollicite,
334 2116 428 2180 qnam
449 2100 476 2164 si
498 2117 589 2181 saepe
610 2116 666 2165 uos
687 2116 854 2184 agnoscam
876 2103 1013 2167 uestram
1036 2098 1190 2177 nuntiare,

73 2217 178 2264 meam
202 2218 350 2282 quaerere
370 2202 562 2284 sospitatem.

580 2403 689 2470 XIIII.

427 2553 609 2612 ENNODIVS
632 2554 843 2611 circnma.

43 2704 67 2742 ro
117 2678 305 2760 haerentia
337 2681 368 2744 et
389 2678 611 2746 necessitudini
643 2680 675 2743 et
708 2679 806 2743 amori
839 2676 996 2743 exhiberet
1029 2678 1191 2761 conloquia

74 2784 181 2861 pectus
203 2781 379 2863 obnoxium,
394 2780 455 2846 nisi
469 2780 629 2847 desideriis
651 2781 789 2846 remedia
801 2799 857 2846 sua
878 2778 1063 2845 subduceret
1078 2780 1193 2845 ffiscre-

76 2888 178 2949 tarum
201 2882 405 2948 consideratio
427 2884 492 2949 sine
514 2883 634 2949 medela
655 2886 820 2948 terrarum.
843 2880 987 2965 quicquid
1011 2880 1096 2947 euim
1113 2882 1194 2947 cari-

128 3141 348 3195 lcoueurreneut
365 3138 448 3193 Siras.
559 3136 765 3192 trementium
783 3136 866 3193 ΜΨ
966 3136 1068 3193 nesciet
1088 3135 1124 3191 T¹

77 3276 144 3327 qa
160 3261 195 3330 qd
215 3261 243 3315 Τ
256 3274 328 3313 corr.
429 3224 609 3326 3pc¹ssinnm
626 3259 653 3312 L
739 3256 898 3327 delegandus
916 3257 1024 3313 BLTV
1111 3258 1194 3311 tuo-

76 3348 175 3402 strel'
273 3345 398 3413 suscripta
415 3344 442 3398 B
542 3344 645 3399 cdmitti
663 3345 720 3399 Β·
744 3350 840 3400 want.
857 3344 936 3410 fanco
953 3343 1017 3399 add
1121 3348 1196 3397 ccci·

77 3466 175 3522 arsam
192 3468 236 3521 a*
336 3466 521 3533 spectamus
538 3465 565 3518 s
670 3429 869 3534 cenatur
967 3462 1055 3532 aare
1074 3461 1116 3529 a,
1141 3463 1195 3517 011-

75 3551 121 3619 gir
135 3553 171 3607 L·
277 3550 370 3605 iccirco
391 3550 417 3606 T
525 3550 540 3602 7
562 3550 772 3618 oportunitatem
794 3548 905 3605 BLTV
1011 3549 1029 3603 8
1055 3548 1196 3603 inmeritus

76 3634 119 3687 Β1
214 3638 232 3690 9
259 3634 472 3717 inoportunitate
497 3636 524 3690 B
623 3635 734 3691 reddeat
760 3636 787 3689 B
890 3636 919 3689 11
943 3632 1069 3703 paginale
1093 3632 1195 3697 BLV3

76 3736 218 3795 summus
229 3740 278 3793 aer
289 3723 438 3794 stanuum
448 3737 574 3806 panno
585 3737 667 3805 forre
686 3740 721 3805 cf.
738 3738 851 3795 wate
860 3736 980 3792 manaa
990 3736 1028 3791 11
1035 3752 1062 3806 p.
1073 3740 1128 3791 cer

78 3822 194 3879 lamini
212 3826 240 3880 Τ
253 3824 388 3880 ΗΜ
478 3824 511 3879 13
528 3824 628 3893 pagina
644 3823 753 3888 B·LV;
770 3823 836 3889 fort.
850 3821 1011 3891 propagine
1102 3820 1135 3875 14
1151 3824 1195 3875 do-

76 3908 174 3965 minem
194 3911 220 3966 V
321 3912 354 3967 lb
372 3908 559 3977 uersatilem!
581 3924 649 3962 nnus
666 3909 706 3963 B¹
806 3908 838 3963 16
855 3908 975 3963 sollecito
993 3907 1020 3960 B
1119 3906 1151 3960 17
1168 3909 1197 3959 et

77 4010 164 4049 meam
183 3998 208 4053 T
310 3996 469 4065 suspitatem
487 3995 527 4049 Β·

133 4112 220 4169 11111.
257 4114 293 4168 20
317 4112 537 4169 necessitudinem
565 4112 593 4167 Β
698 4112 816 4167 exiberet
842 4111 918 4177 Bm,
947 4108 1065 4163 exhiberi
1092 4108 1126 4163 Ρ

77 4199 114 4251 21
135 4214 238 4253 socom.
252 4199 332 4254 Sirra
417 4198 593 4253 subducerent
611 4198 694 4254 ΜΨ
776 4198 953 4253 deauratarum
970 4194 998 4248 B
1087 4192 1122 4247 22
1141 4210 1194 4249 me·

76 4283 151 4339 dille
166 4286 200 4351 Β,
225 4285 351 4340 medelam
372 4286 409 4339 V¹

139 4386 182 4440 ll.
1078 4383 1095 4436 6
