2934 4934
460 388 696 459 Epistularum
715 391 803 447 liber
820 393 858 449 IL
1177 399 1219 465 41

96 591 170 655 qnae
187 573 278 639 breui
292 594 434 642 sermone
449 576 556 643 dolens
578 598 695 663 magna
708 584 861 657 contexui,
885 586 1010 665 mptum
1025 584 1217 669 singultibus

94 678 348 743 contestationem
369 696 425 761 pro
447 680 515 745 stili
536 680 680 747 ubertate
703 683 848 768 dirigens,
872 685 947 751 dnm
969 689 1057 752 muto
1079 688 1217 755 lomento

93 780 273 863 conloquiis.

636 869 678 935 IL

20 1051 21 1054 Ἴ
74 1007 84 1045 s
432 989 633 1062 ,ennomus
657 990 858 1049 sreclosnu.

20 1091 21 1094 ’
130 1089 301 1159 Silentium
323 1114 428 1159 meum
450 1096 538 1161 dolor
560 1096 666 1177 exigit,
690 1096 744 1178 qni
766 1116 873 1181 passus
901 1099 949 1163 est
971 1116 1116 1175 crescere,
1132 1102 1216 1179 dium

91 1192 127 1256 de
147 1195 294 1263 uindiote
315 1198 442 1281 cogitat,
465 1198 626 1281 dispendia
647 1201 796 1265 caritatis.
819 1200 894 1283 quid
915 1201 998 1267 enirn
1022 1202 1089 1269 fieri
1103 1204 1215 1287 potuit,

90 1304 148 1367 nisi
171 1305 210 1369 nt
231 1302 363 1367 tacendo
384 1302 488 1367 uicem
508 1304 708 1369 restituerem
730 1303 853 1369 litteras
875 1304 1052 1389 deneganti,
1086 1310 1122 1371 ut
1144 1326 1217 1373 oon·

20 1465 21 1522 ,
90 1412 230 1493 temptns
252 1406 335 1471 circs
355 1425 416 1484 me,
450 1406 504 1487 qni
525 1424 581 1487 per
604 1404 828 1472 abstinentiam
861 1408 1029 1473 uenerandi
1062 1411 1215 1477 sermonis

20 1583 21 1586 Ἴ
60 1512 237 1588 ninnotuit,
261 1510 336 1574 dnm
351 1508 490 1574 subduco
506 1509 677 1591 conloquia,
700 1510 768 1592 pari
783 1530 929 1577 mucrone
943 1512 1113 1579 feriretur?
1129 1514 1214 1581 dieas

20 1633 21 1722 p
88 1620 222 1682 forsitan
242 1610 418 1676 uindictam
439 1611 598 1676 inimicam
621 1630 687 1677 esse
708 1614 874 1695 proposito.
909 1616 962 1679 sed
985 1618 1090 1681 omnia
1111 1620 1216 1685 errsta

20 1777 21 1808 ἦ
87 1723 130 1785 ite
153 1719 293 1800 eonpnto
316 1714 405 1797 qnasi
426 1714 507 1800 legis
520 1717 711 1799 obsequium,
734 1717 896 1800 inquibus
912 1739 966 1787 uos
982 1738 1047 1785 esse
1062 1721 1215 1806 contingit

20 1825 21 1882 l
88 1824 241 1887 auctores.
286 1820 489 1903 quisquamne
518 1820 645 1900 culpam
676 1823 766 1903 putet
799 1819 900 1887 facere
934 1823 1015 1904 quod
1049 1824 1154 1890 fecisti
1182 1829 1215 1890 et

86 1924 288 2007 plectendum
322 1922 435 1988 indicio
459 1922 564 1986 diuino
595 1926 716 1987 censeat
750 1925 831 2005 quod
853 1942 872 1987 a
893 1924 925 1988 te
953 1929 1138 2006 processisse
1160 1946 1213 1993 oo·

20 2017 21 2078 ]
59 2032 239 2113 egressae?
268 2044 364 2108 aequo
387 2044 459 2108 ergo
481 2027 584 2091 animo
606 2026 726 2091 sustine
755 2027 836 2108 quod
859 2027 990 2110 deliqui:
1024 2030 1154 2096 durnin
1177 2049 1214 2097 eu

20 2145 21 2206 ς
85 2153 116 2197 re
138 2132 312 2215 praecedis,
346 2131 399 2195 lnr
421 2132 574 2207 ecelesiae,
597 2132 667 2212 ipss
688 2130 826 2196 uoluisti.
873 2150 930 2215 ego
952 2149 1040 2197 seruo
1061 2136 1211 2213 animum,

86 2256 177 2321 quem
199 2236 341 2319 promisi,
363 2236 455 2299 utin
477 2235 640 2311 uniuersis,
669 2237 696 2300 si
716 2254 848 2316 mereor,
873 2238 1046 2303 aemulator
1068 2236 1209 2315 existam,

84 2341 172 2407 cuius
193 2341 243 2405 rei
265 2339 371 2416 fidem,
405 2338 480 2402 dum
502 2340 676 2403 tacentibus
706 2337 795 2403 nobis
817 2341 904 2403 tanco
925 2340 958 2402 et
979 2342 1060 2421 quod
1082 2340 1211 2422 loquen-

84 2443 170 2509 tibus
191 2444 314 2525 loqnor,
336 2440 483 2505 ostendit.
517 2440 557 2505 ad
578 2440 756 2522 scriptionis
779 2458 853 2524 ergo
875 2440 1022 2520 officium,
1046 2446 1212 2526 postquam

20 2543 21 2626 j
56 2548 185 2613 ainssus
200 2563 284 2623 sum,
299 2564 351 2609 me
366 2544 481 2627 reduxi,
498 2543 554 2626 qni
567 2544 716 2609 hactmns
731 2543 816 2608 intre
831 2545 1038 2609 uerecundum
1053 2548 1211 2628 penetrale

83 2670 161 2733 quse
183 2667 246 2715 nou
272 2646 457 2714 amabantur
478 2647 573 2711 uerbs
587 2647 736 2728 continui,
759 2647 855 2713 simili
870 2648 901 2712 in
917 2649 1038 2731 paginis
1053 2649 1210 2731 pariturus

20 2779 21 2782 ¹
84 2750 242 2837 obsequio.
288 2752 385 2834 salue,
415 2751 460 2814 mi
492 2750 627 2829 domino,
657 2752 754 2815 bonae
776 2749 921 2833 splendor
943 2751 1008 2816 sine
1031 2752 1113 2817 nube
1136 2772 1210 2819 oon-

83 2858 232 2922 scientiae
258 2860 290 2920 et
317 2857 355 2919 ed
384 2852 558 2935 exemplum
593 2858 719 2917 sanctae
753 2854 993 2919 conuersationis
1027 2854 1060 2919 in
1082 2856 1210 2937 longum

83 2962 250 3042 producere
267 2963 299 3023 et
315 2958 387 3036 mei,
403 2956 430 3021 si
446 2974 575 3039 mereor,
598 2956 777 3021 meminisse
793 2956 931 3039 dignere,
954 2957 1115 3038 epistulari
1132 2959 1209 3025 dens

55 3064 207 3128 euenirnn
218 3061 381 3142 breuitati,
398 3078 490 3142 quem
504 3060 538 3124 in
555 3062 722 3141 angustum
738 3058 855 3123 arteuit
870 3058 1027 3125 festinatio
1040 3060 1208 3142 portitoris.

615 3196 674 3262 111.

440 3315 625 3372 ENNODIVS
649 3314 850 3371 sruclosnu.

122 3427 249 3508 Quanto
265 3424 482 3506 deprimuntur
495 3426 670 3504 peccatores
682 3440 809 3487 suorum
821 3420 903 3487 fasce
915 3420 1079 3501 factorum,
1095 3421 1208 3505 quibus

82 3529 118 3593 ob
134 3530 237 3595 oculis
257 3527 382 3592 tollitur
394 3524 538 3608 quioquid
554 3525 682 3590 offertur
698 3528 729 3591 et
744 3543 783 3589 ne
799 3525 832 3589 in
849 3523 1040 3589 obliuionem
1054 3525 1209 3591 desideria

130 3715 144 3768 l
171 3728 268 3767 manca
289 3711 399 3778 onolton
426 3710 474 3765 aed
488 3709 555 3775 fort.
574 3724 673 3779 magua
686 3724 741 3777 pro
760 3723 815 3762 rem
834 3724 958 3780 magnam
976 3709 1049 3765 dine
1066 3716 1099 3767 oct
1116 3712 1207 3781 Epist.

82 3800 124 3854 IV
138 3802 175 3853 16
193 3803 221 3851 et
239 3800 279 3851 27

128 3884 168 3939 ru
208 3880 364 3935 rossem
471 3848 687 3938 sincerae.
794 3883 951 3937 roncone
973 3884 999 3938 r
1096 3884 1208 3939 renue

80 3972 144 4023 toris
161 3968 194 4023 B
297 3968 330 4021 14
348 3970 521 4036 cognoscetur
539 3968 586 4021 Pb
700 3967 733 4021 lo
750 3984 781 4022 ea
798 3968 827 4021 in
845 3967 906 4022 reb
1015 3970 1048 4025 16
1065 3969 1123 4039 ego]
1143 3984 1206 4038 ergo

80 4054 157 4109 L¹V¹
272 4053 308 4106 20
324 4050 422 4121 iussus]
439 4053 513 4107 uisus
530 4052 589 4107 P²o
607 4059 633 4108 et
651 4052 731 4109 Siron.
848 4056 969 4108 emenus
987 4054 1015 4110 L
1031 4054 1051 4107 h
1068 4070 1137 4108 eras.

79 4140 112 4197 25
128 4143 159 4194 in
177 4154 230 4193 ona
248 4137 306 4193 LV
405 4141 550 4207 angustum
567 4139 606 4192 B¹

128 4227 184 4282 111.
220 4225 256 4281 28
272 4225 463 4295 depromuntur
480 4227 509 4280 B
601 4227 636 4281 29
653 4227 750 4281 oeulsis
768 4225 822 4279 Li
840 4240 909 4281 aas.
1001 4225 1113 4283 tolletur
1130 4228 1207 4297 quid-

20 4327 21 4378 q
79 4312 143 4381 quid
161 4312 191 4366 Β
295 4312 410 4366 desideri
427 4312 588 4366 &mittantur
609 4312 643 4366 V*
660 4317 693 4366 ost
709 4312 823 4366 otoldus
