2934 4934
261 377 326 444 394
620 371 732 442 Magni
751 371 880 426 Felicia
897 369 1030 424 Ennodi

263 567 368 633 runai
382 564 421 630 ad
436 564 582 646 spiritam
594 564 627 629 et
638 563 714 628 dnm
725 562 925 628 labefactatio
937 562 1044 626 nostra
1054 561 1220 628 caelestem
1232 559 1377 626 bominem

262 669 349 736 etin
372 669 480 734 diuina
504 668 671 734 locandum
694 685 765 732 arce
787 666 934 749 conponit
956 668 995 732 ad
1017 666 1142 747 frugem
1163 663 1300 748 spiritus.
1332 663 1378 740 sio,

262 775 382 855 quando
406 773 472 837 sine
487 771 611 836 cultura
625 773 680 836 aut
700 787 803 836 messe
819 772 896 836 sunt
917 786 1055 850 corpora,
1078 767 1169 832 dulce
1191 772 1248 848 est,
1272 768 1305 832 et
1318 785 1379 832 cnm

262 874 429 940 adcesserit
450 877 578 957 propter
593 874 763 956 augmenta
776 872 964 939 diminutio:
988 871 1028 938 ad
1043 870 1176 936 dimtem
1192 869 1378 952 deigratiam

261 978 445 1060 peruenitur
466 977 573 1044 ieiuna
595 979 629 1042 et
650 977 753 1042 sterili
774 975 960 1059 paupertate
983 975 1204 1041 membrorum.
1235 991 1307 1060 ergo
1326 969 1404 1034 tibio

262 1085 334 1163 post
357 1082 450 1145 deum
472 1078 616 1158 debetur,
640 1079 832 1146 inbecillitas
854 1080 978 1157 nostra,
1001 1081 1082 1162 qnod
1105 1078 1143 1143 de
1165 1096 1269 1142 rerum
1291 1074 1378 1140 subli-

261 1184 361 1250 mium
383 1183 546 1250 affoctione
570 1183 779 1248 amreximus.
808 1182 914 1248 nobua
937 1181 1034 1247 febris
1056 1198 1145 1247 meae
1166 1180 1332 1247 nenessitas
1352 1188 1378 1242 et

261 1287 383 1354 ernstio
400 1287 617 1369 amplectenda
632 1286 845 1352 medullarum
863 1285 1016 1352 dederunt
1032 1285 1111 1352 mihi
1126 1285 1160 1348 et
1173 1283 1285 1348 timere
1299 1281 1379 1346 deum

262 1391 299 1456 da
321 1391 461 1456 abitione
482 1390 642 1472 sospitatis
665 1391 753 1455 etin
774 1392 843 1472 ipso
865 1389 1001 1472 gaudere
1030 1388 1069 1455 de
1096 1386 1210 1452 reditu
1254 1385 1378 1451 laetatur

262 1510 345 1559 nunc
367 1492 399 1557 in
420 1493 546 1559 auctore
568 1497 673 1559 nostro
696 1492 812 1558 mentis
835 1492 955 1560 sanitas
984 1493 1147 1574 procurata
1176 1486 1404 1571 languoribnao

262 1593 317 1661 ubi
341 1599 390 1661 est
405 1595 550 1680 snperbia
566 1596 732 1662 diuturnae
747 1595 862 1662 salutis
879 1596 1022 1679 quaesita
1035 1594 1194 1660 ludibrio?
1215 1591 1271 1657 nbi
1284 1608 1378 1675 super·

261 1699 381 1780 cilium,
404 1717 459 1780 per
483 1700 565 1782 quod
587 1698 729 1766 diuinum
748 1718 861 1765 munus
875 1698 1021 1765 credebas
1043 1715 1110 1764 esse
1128 1716 1196 1762 rem
1210 1694 1378 1779 propriam?

260 1803 388 1886 repente
408 1802 549 1868 deseruit
572 1804 604 1868 te
626 1804 804 1868 constantia
825 1805 943 1869 roboris
959 1803 1015 1882 tui,
1040 1803 1073 1866 et
1086 1799 1295 1885 aegritudinis
1316 1799 1379 1862 sub·

260 1905 342 1970 iacta
371 1904 560 1987 ponderibus
588 1906 666 1972 elisa
694 1907 816 1970 ceruice
845 1906 986 1972 iacuisti:
1014 1906 1179 1990 postquam
1209 1904 1293 1988 fugit
1318 1918 1379 1984 pro

261 2008 396 2091 speritas
418 2010 483 2087 tua,
508 2027 609 2074 seram
632 2009 786 2074 meditata
807 2009 1044 2091 paenitentiam,
1068 2007 1149 2090 quod
1164 2006 1318 2082 ualueras,
1339 2002 1403 2068 dein

262 2111 359 2176 nostri
376 2111 473 2176 fuisse
489 2111 658 2195 cognoscis.
676 2113 794 2196 gratias
809 2111 879 2194 tibi,
902 2111 981 2178 caeli
995 2112 1175 2178 moderator
1189 2112 1222 2176 et
1239 2109 1379 2178 medior,

261 2214 314 2296 qui
336 2213 566 2296 dispensatione
594 2215 704 2281 subtili
728 2218 762 2281 et
784 2217 912 2281 occultis
943 2215 1110 2280 miserendi
1133 2215 1300 2281 itineribus
1321 2212 1379 2275 uias
1422 2274 1426 2289 ⁴

262 2319 384 2382 nostras
413 2329 445 2380 et
472 2318 510 2381 de
538 2316 714 2383 adflictione
743 2317 889 2400 conponis
917 2322 948 2382 et
978 2319 1016 2383 ad
1045 2317 1197 2382 uirtutem
1220 2315 1380 2399 perfectam

260 2420 313 2501 pia
335 2419 522 2486 laceratione
552 2440 607 2486 nos
634 2439 768 2503 reparas.
802 2422 842 2485 ad
870 2422 1059 2487 medicinam
1085 2426 1175 2486 tuam
1197 2420 1307 2484 uenire
1327 2414 1380 2481 nisi

260 2521 407 2606 suffragio
435 2523 575 2588 uulneris
603 2540 664 2588 non
691 2523 852 2601 ualemus,
881 2542 953 2589 cum
981 2523 1132 2588 duritiam
1154 2523 1256 2590 cordis
1281 2522 1405 2586 adsuere

260 2624 379 2690 scimus
408 2627 440 2690 te
467 2625 659 2709 percutiente
690 2627 814 2692 mollire
837 2631 869 2691 et
891 2627 1125 2711 suggestionem
1148 2629 1292 2691 terrenae
1314 2623 1379 2688 uili·

260 2726 335 2793 tatis
368 2727 467 2794 nobili
501 2730 534 2794 et
567 2729 747 2796 dulcissima
784 2728 999 2794 molestiamm
1038 2734 1214 2793 nostrarum
1248 2729 1379 2812 passione

261 2831 463 2912 conprimere.

303 2933 380 3000 Ecce
403 2954 459 3019 ago
481 2936 551 3012 ille,
582 2935 636 3019 qui
662 2935 694 3001 in
724 2939 853 3019 longum
884 2936 977 3000 ducta
1003 2935 1081 3000 mibi
1110 2935 1278 3000 alacritate
1298 2933 1380 3016 plan·

259 3035 387 3124 dabam,
416 3056 477 3122 qua
496 3043 579 3104 dnm
606 3039 727 3120 perpeti
756 3039 890 3117 fruerer,
927 3037 1016 3122 quasi
1045 3037 1134 3104 nulle
1161 3038 1405 3104 intermissiones

260 3141 449 3222 solueretur,
497 3139 685 3225 quaerebam
730 3142 866 3225 qualiter
907 3141 1027 3225 peccati
1069 3139 1261 3225 stipendium
1304 3157 1379 3205 mors

259 3242 389 3308 ueniret.
443 3263 517 3310 uam
561 3245 701 3310 eleustus
746 3245 866 3310 insanis
903 3243 1096 3310 successibus
1139 3248 1302 3326 poetarum
1337 3259 1380 3307 me

312 3447 386 3517 led]
399 3446 484 3502 sedB
576 3448 740 3517 iconponat
754 3447 781 3500 Β
878 3447 917 3500 sic
927 3447 1035 3515 scripsi,
1054 3435 1094 3500 (ἰίο
1104 3444 1140 3512 Β,
1158 3445 1182 3500 ai
1195 3447 1319 3502 LPTVb

257 3535 275 3588 3
293 3533 368 3588 dulce
387 3536 430 3586 eat
451 3533 481 3598 V,
508 3533 586 3588 dulce
598 3535 627 3586 et
644 3535 669 3598 <t
680 3547 714 3586 cc
726 3547 741 3586 o
752 3533 835 3600 corr.)
853 3532 888 3598 Β,
915 3531 992 3586 dulce
1009 3534 1079 3586 esset
1097 3531 1128 3598 Τ,
1155 3531 1261 3588 dulcem
1278 3547 1331 3587 esse
1348 3529 1379 3592 B.

258 3620 390 3674 dulcesset
414 3619 447 3686 P,
477 3618 606 3672 dulcessit
628 3619 643 3671 b
746 3619 762 3672 5
789 3620 961 3703 pauperatete
987 3618 1015 3672 Β
1117 3618 1134 3673 6
1158 3624 1220 3686 post
1243 3619 1319 3676 deum
1340 3615 1380 3670 de·

258 3722 334 3778 bitur
351 3722 392 3790 B,
418 3722 530 3777 debetur
546 3725 607 3791 post
625 3721 704 3776 deum
722 3720 807 3776 ΜΨ
913 3720 1041 3776 luctiba
1057 3719 1158 3775 febrius
1176 3721 1204 3775 B
1306 3721 1381 3774 dan·
1425 3778 1426 3783 ἵ

257 3809 397 3878 plectenda
428 3807 457 3863 Β
582 3809 598 3862 9
628 3807 778 3861 ambitione
803 3807 865 3871 Pb,
901 3805 1066 3862 habitatione
1095 3807 1123 3861 Β
1248 3805 1380 3876 suspiratis
1425 3872 1426 3889 Χ

257 3930 285 3984 n
382 3927 510 4000 masur]
529 3893 666 4014 ntem}
684 3927 711 3981 a
813 3928 1020 3998 101mgoribne
1041 3929 1068 3984 r
1165 3930 1197 3984 11
1215 3929 1342 3985 uiuam
1357 3926 1378 3989 o.

256 4030 364 4088 diuinae
381 4030 465 4088 Siron.
569 4031 602 4088 12
620 4031 755 4103 diuinum]
772 4033 894 4086 omnium
911 4031 994 4087 Siras.
1100 4034 1134 4088 15
1158 4029 1380 4103 penitentiemli
1425 4030 1426 4051 ³

257 4115 341 4174 ΜΨ
445 4118 569 4177 uolueras
597 4119 638 4186 L,
673 4118 863 4188 praeualueras
890 4118 1019 4175 Sobotm
1044 4120 1077 4173 ia
1102 4135 1155 4190 sap.
1184 4125 1210 4174 et
1236 4119 1316 4174 Sim
1425 4138 1426 4181 3

259 4203 291 4258 16
313 4219 473 4274 cognoscens
495 4205 523 4262 Β
628 4206 659 4260 li
684 4204 886 4274 dispensatione
909 4207 994 4274 (pai
1020 4206 1053 4261 ia
1070 4211 1136 4271 raa.)
1162 4206 1190 4260 Β
1290 4203 1376 4274 suptili

256 4287 283 4341 Β
385 4288 531 4344 iteneribus
547 4290 575 4346 Β
680 4291 713 4345 19
731 4306 780 4344 nos
797 4305 832 4344 ca
848 4296 867 4344 ll
886 4306 956 4344 corr.
973 4291 1002 4345 Β
1106 4291 1141 4345 20
1158 4289 1316 4347 uelimuaB

256 4373 433 4429 adsuiscimus
451 4375 673 4445 oepereleutientc
692 4375 719 4430 Β
822 4376 854 4430 21
874 4375 1005 4429 uillitatis
1026 4377 1054 4431 B
