2934 4934
458 380 801 451 Epistularumliber
817 385 841 440 Ι.
1175 390 1211 457 11

97 573 229 637 emisse.
277 574 313 637 tu
339 590 394 657 per
424 574 571 639 dantum
601 589 789 655 proauorum
822 592 1012 659 errorumque
1042 578 1213 659 scipionum

94 676 252 740 tamitem
272 674 338 741 iam
357 674 514 759 grandior,
536 693 614 759 pene
637 678 889 759 praecedentium
910 696 1041 745 conexas
1064 680 1214 749 lateribus

93 777 270 856 ambulasti,
292 778 338 845 ita
358 782 395 845 nt
416 778 475 845 sub
500 778 714 846 coniunctione
736 798 907 864 numquam
924 782 1124 867 interpolatae
1145 785 1221 851 feli·

93 882 196 947 utatm
219 882 389 948 mcederes.
411 883 450 949 ad
464 881 581 948 Auiani
600 884 663 948 mci
684 883 784 951 adlruc
804 883 903 949 teneri
926 884 1058 951 uirtutes
1079 887 1214 971 pertinet

75 988 121 1047 ret
142 988 201 1049 tuo
221 985 327 1068 generi
348 986 529 1051 continuare
550 984 652 1051 fasces
674 988 706 1051 et
726 988 831 1053 noatro
854 985 992 1055 reddero.
1016 1004 1073 1073 ago
1095 990 1214 1073 gratias

90 1086 258 1153 intentioni
279 1089 313 1153 in
335 1105 497 1153 commune
519 1089 723 1170 augmentum
743 1088 932 1170 profuturae,
955 1108 1123 1174 perquam
1145 1110 1215 1156 cunr

91 1188 138 1253 dei
169 1188 319 1256 beneficio
349 1189 503 1255 natalium
530 1190 681 1255 bonorum
709 1191 836 1257 claritas
865 1190 1016 1258 hactenus
1046 1193 1213 1260 interclusa

90 1293 299 1376 resplenduit,
331 1310 508 1376 perquam
536 1292 621 1359 diem
650 1312 742 1359 suurn
773 1295 894 1361 lucidus
924 1296 1050 1378 sangnis
1075 1298 1212 1381 agnouit.

92 1412 185 1476 quarn
218 1396 389 1462 noluissem
422 1400 566 1461 uotorum
599 1414 740 1461 meorum
774 1414 930 1463 summam
962 1414 1063 1464 coram
1091 1400 1210 1481 positus

62 1499 218 1582 rrmtueri,
240 1500 268 1563 si
290 1516 351 1565 non
371 1503 572 1581 peccatorum
601 1499 785 1583 magnitudo
812 1518 926 1565 munus
954 1501 1103 1579 caeleste,
1131 1502 1212 1585 quod

90 1620 149 1667 non
165 1603 272 1684 potuit
282 1602 451 1679 desideriis,
466 1603 633 1685 denegaret
646 1601 834 1685 aspectibus,
850 1606 881 1668 et
895 1601 981 1669 nolae
997 1603 1040 1668 sit
1055 1604 1211 1671 hominem

91 1722 150 1769 uno
167 1705 340 1787 eodemque
357 1710 497 1788 tempore
520 1705 666 1769 uniumaa
686 1708 793 1787 optata
807 1705 990 1787 promereril
1014 1704 1093 1772 illud
1107 1708 1214 1773 tamen

90 1808 172 1872 inter
198 1807 348 1873 maximas
370 1808 577 1892 redemptoris
598 1810 698 1875 nostri
720 1810 985 1877 remunerationes
1002 1810 1092 1877 oredo
1107 1827 1215 1877 nume-

90 1910 236 1989 randum,
259 1912 340 1993 qnod
361 1911 459 1978 limen
482 1912 583 1979 lelicia
605 1911 758 1979 infantiae
781 1914 889 1979 consul
905 1934 991 1979 meus
1007 1932 1079 1981 curn
1101 1914 1213 1980 honoro

61 2013 176 2077 arenis
200 2013 360 2097 ingressus
382 2018 438 2081 ast.
461 2032 517 2098 spe
538 2016 694 2103 praecipio
718 2016 792 2099 quid
806 2018 932 2099 pmatur
953 2017 1121 2101 laboribus,
1144 2036 1214 2083 cnm

91 2116 168 2181 talia
195 2116 378 2198 primordiis
406 2118 599 2185 exhibentur.
627 2118 830 2203 inauspicatis
861 2119 1052 2187 successibus
1074 2118 1123 2185 illi
1144 2139 1215 2203 pro·

91 2217 234 2283 iactuum
260 2219 453 2287 incrementa
480 2223 615 2289 ueutma
635 2225 717 2301 sunt,
746 2212 839 2306 quom
867 2224 1003 2307 coepisse
1032 2223 1215 2289 uidemnsa

89 2321 238 2387 imcibus.
260 2325 365 2388 minua
386 2324 434 2391 est
454 2326 537 2407 quod
557 2324 620 2391 sibi
641 2326 680 2390 de
702 2326 918 2408 prosperitatis
941 2326 1052 2391 euentu
1075 2326 1105 2391 in
1130 2326 1213 2391 anti-

89 2441 224 2507 quornm
245 2425 418 2507 praeconiis
438 2428 530 2491 uetus
553 2426 635 2494 fama
656 2425 826 2495 blanditur.
850 2427 931 2510 quod
948 2427 1065 2493 adtrita
1086 2428 1213 2510 puluere

60 2527 232 2605 canities,
255 2530 336 2611 quod
361 2530 428 2595 nita
448 2529 506 2595 snb
530 2528 613 2596 fasee
634 2530 705 2595 acta
719 2530 773 2595 uix
788 2531 910 2609 meruit,
926 2532 1007 2613 qnod
1021 2530 1213 2615 grandamus

88 2630 126 2695 de
148 2629 360 2714 inpetratione
381 2651 552 2716 numquam
574 2634 674 2699 certus
703 2632 842 2715 optauit,
871 2632 930 2699 hoe
958 2636 1127 2699 memorato
1147 2651 1216 2699 sac·

89 2734 160 2815 pins
184 2734 379 2801 adulescenti
400 2752 468 2801 meo
483 2752 652 2818 supernum
673 2752 789 2801 munus
811 2734 952 2819 ingessit.
985 2735 1110 2803 additur
1132 2740 1213 2819 quod

89 2832 122 2900 in
135 2834 293 2918 principio
307 2841 391 2905 uitae
413 2837 587 2922 disciplinis
602 2839 729 2921 optimis
744 2838 909 2903 institutus
924 2839 1050 2905 uidetur
1064 2840 1215 2906 meruisse

91 2938 172 3021 qnod
195 2940 328 3021 adeptus
358 2942 421 3019 ost,
448 2959 506 3007 neo
534 2942 682 3026 dignatur
708 2943 812 3008 totum
833 2941 866 3009 in
888 2962 920 3009 se
943 2940 1085 3007 felicitati
1108 2943 1211 3022 tribui,

61 3040 124 3105 ain
152 3059 214 3124 quo
240 3045 372 3124 possunt
402 3044 496 3110 etiarn
525 3046 594 3111 dari
621 3046 711 3129 plura
739 3046 862 3113 uirtuti.
899 3049 1029 3113 naturae
1058 3047 1091 3111 in
1119 3046 1212 3113 decus

93 3143 192 3209 scolas
223 3146 255 3208 et
283 3145 460 3211 litterarum
491 3146 598 3213 studia
620 3152 816 3229 consecutus,
845 3151 990 3232 paternae
1017 3148 1214 3232 perfectionis

94 3244 275 3325 aemulator,
297 3248 395 3313 talem
417 3267 450 3314 sa
472 3250 625 3316 industria
646 3251 816 3317 sualilium
831 3252 977 3330 reddidit,
994 3251 1118 3335 qualem
1135 3253 1214 3318 alter

144 3503 157 3555 1
184 3516 300 3557 moram
325 3502 354 3557 Β
378 3517 401 3561 a
426 3503 444 3558 l.
558 3504 576 3557 2
601 3502 744 3589 constitus
773 3504 798 3560 T
915 3506 932 3560 3
958 3520 1093 3575 nunquam
1126 3506 1151 3560 V

92 3619 333 3691 communen
441 3622 605 3678 amaraco
621 3623 650 3678 n
752 3628 861 3679 manus
879 3625 906 3679 a
1019 3627 1052 3681 ro
1072 3592 1171 3681 neta
1188 3627 1216 3681 n

92 3706 206 3775 irrepta
221 3721 389 3764 aramue.
492 3708 527 3763 14
542 3708 633 3764 sedeas
651 3710 679 3763 B
778 3710 808 3765 15
826 3711 882 3780 ape]
900 3710 946 3765 sed
964 3710 1046 3767 Sirm.
1084 3706 1088 3715 '
1141 3727 1215 3781 prae·

92 3790 159 3861 cipio
174 3791 269 3858 BLV,
296 3794 413 3863 percipio
429 3794 501 3849 Pro
603 3794 637 3849 16
660 3794 811 3851 excitentur
828 3796 855 3851 Β
878 3796 945 3851 lutor
961 3796 1014 3851 tec
1031 3812 1097 3853 uoce
1113 3798 1215 3865 coep&

93 3877 156 3931 aare
177 3892 249 3934 crau
359 3880 572 3949 prouectuumt
686 3881 714 3935 ll
743 3883 841 3949 cepisse
864 3880 945 3937 BPT
1061 3882 1093 3935 19
1119 3882 1215 3937 attrita

94 3996 173 4054 m
256 3997 291 4052 20
301 3999 453 4068 grandaeua
467 3999 544 4054 BLT
622 3998 654 4055 21
666 4000 852 4069 impetratione
867 4000 924 4067 TV,
935 3968 1109 4070 imparatione
1120 4001 1147 4056 L

93 4093 196 4161 optabit
220 4091 248 4147 Β
351 4094 491 4148 memorati
513 4093 576 4161 LV,
602 4097 733 4149 memorat
755 4096 783 4149 Β
886 4094 920 4149 22
942 4096 1102 4151 aduliscenti
1119 4096 1147 4150 Β

92 4185 128 4240 24
145 4186 171 4241 in
187 4202 217 4242 so
234 4190 323 4241 toturn
344 4186 370 4242 T
468 4188 503 4242 25
520 4188 625 4243 indecor
637 4192 733 4260 (mepta
746 4206 773 4243 es
786 4192 851 4259 raa.)
864 4190 898 4255 B,
922 4190 1025 4247 indices
1039 4192 1108 4247 coci.
1124 4190 1215 4247 Schot-

93 4311 141 4361 tara
239 4306 274 4362 26
287 4279 362 4364 'orclas
380 4308 415 4372 B,
442 4307 546 4363 scholar
564 4308 687 4365 omo
791 4310 824 4364 27
847 4311 999 4367 aemulatur
1016 4312 1044 4365 Β
