2934 4934
448 390 687 460 Epistularum
704 387 795 444 liter
811 386 904 444 vnn.
1177 384 1240 462 24¹1

501 633 503 638 ·
626 606 725 679 XXV.
797 605 802 616 ’

437 837 441 846 ,
469 766 653 824 eunomus
679 763 894 827 rerumne.

148 890 286 956 (lustum
298 887 379 954 miti
393 891 441 954 est
451 888 493 955 ad
506 888 758 972 magnitudinem
768 890 910 954 nestram
921 884 1101 954 litterarum
1110 905 1243 958 muare

104 993 320 1077 promulgare,
354 993 430 1075 quia
455 994 487 1056 et
515 991 621 1074 generi
643 991 677 1058 ei
703 989 911 1057 eoneeientae
938 989 1064 1056 uestrae
1090 1008 1152 1057 non
1174 992 1242 1060 tam

85 1095 274 1162 oexhibetur
304 1092 401 1160 honor
428 1095 490 1160 iste
525 1111 619 1176 quam
648 1091 799 1162 redditur.
828 1094 949 1162 iustum
970 1096 1019 1162 est
1040 1095 1077 1160 ut
1098 1092 1239 1176 religiosi

105 1201 203 1267 homo
225 1199 377 1283 propositi
393 1199 537 1264 sentiam
551 1198 681 1266 uiduam
696 1198 729 1263 et
742 1195 881 1264 nobilem
893 1197 1061 1265 nonoretur
1075 1198 1238 1282 ingenuus.

106 1323 167 1388 ugo
190 1304 250 1368 deo
270 1321 341 1368 meo
364 1301 496 1387 gestias,
520 1301 594 1385 qnia
608 1301 708 1368 tonus
721 1300 878 1383 opinionis
898 1300 1021 1368 amirae
1041 1302 1082 1368 ud
1094 1317 1151 1366 noa
1164 1302 1240 1368 odor

106 1407 279 1474 emanauit.
302 1405 359 1472 ille
380 1423 479 1488 usque
494 1406 535 1471 sd
551 1403 854 1473 eonsummationom
867 1403 952 1472 uitae
967 1405 1089 1474 tuctus
1106 1402 1239 1482 tribuet,

105 1511 163 1594 qui
191 1509 307 1576 bouem
341 1509 480 1576 rudieem
512 1509 544 1574 in
579 1509 639 1576 luae
669 1509 789 1576 eaeouli
817 1509 1051 1578 eonuemationa
1071 1509 1238 1592 planteuit.

72 1637 96 1676 ιο
106 1617 186 1680 bene
201 1612 317 1690 fecisti,
332 1614 447 1679 domne
460 1611 606 1698 Agnella,
622 1611 733 1680 mundi
748 1613 840 1680 iatius
855 1611 1071 1680 blandimenta
1084 1629 1238 1696 respuere,

105 1717 140 1783 et
155 1716 231 1781 dnm
248 1715 377 1780 eelsiora
391 1715 537 1799 mouere,
550 1715 647 1782 etiam
663 1734 741 1807 quse
755 1719 924 1799 potnerunt
938 1715 1045 1782 nenne
1056 1733 1075 1780 a
1088 1716 1240 1799 legitimis

104 1820 255 1886 remediis
285 1836 345 1886 non
372 1819 501 1885 hebere:
533 1818 623 1885 eoieti
654 1837 718 1884 non
745 1820 849 1885 solum
870 1818 997 1885 ueniam
1018 1837 1164 1902 queerere
1185 1818 1239 1884 sed

106 1940 265 1990 eoronam.
290 1922 451 2010 gondoeno
473 1923 511 1988 de
533 1923 691 1989 medicine
705 1922 906 2008 languentes:
928 1939 1024 2007 prope
1046 1924 1094 1988 est
1115 1925 1151 1988 ut
1164 1939 1238 2006 pro·

103 2028 209 2092 ximus
233 2026 276 2092 sit
297 2024 475 2109 integritati
491 2027 541 2092 oui
557 2025 749 2104 ementitur,
772 2028 809 2091 ut
822 2025 957 2091 ielioiter
970 2026 1110 2098 dediscat
1123 2025 1237 2091 inleoe·

69 2131 189 2195 ebrae.
213 2145 298 2214 ergo,
321 2130 447 2194 domina
460 2130 515 2209 mi,
539 2129 741 2195 salutationis
754 2129 891 2213 gret‘nm
905 2128 1237 2213 honorifioentiamqne

102 2232 285 2316 persoluens
307 2249 392 2316 rogo,
416 2233 455 2296 nt
474 2249 531 2315 pro
552 2249 604 2298 me
627 2231 729 2298 amieo
751 2236 786 2298 et
806 2235 936 2315 parente
958 2232 1013 2298 tuo
1027 2233 1237 2316 apostolorum

101 2335 269 2402 liminibus
305 2353 367 2401 non
404 2335 530 2402 desines
566 2333 752 2417 subplieare,
790 2338 827 2400 ut
855 2353 977 2400 merear
1003 2353 1128 2400 seruare
1156 2337 1237 2419 quod

101 2439 249 2523 praediun
271 2441 303 2505 et
325 2439 407 2522 qnod
429 2439 464 2504 in
486 2440 558 2506 eliis
581 2437 694 2505 extollo
715 2439 784 2522 ipse
804 2457 865 2504 uon
887 2439 1064 2524 neglegam.

615 2645 732 2711 XXVI.

68 2807 93 2846 ω
470 2779 654 2836 eunomus
678 2779 872 2836 musteum.

146 2899 219 2968 Soio
242 2903 384 2986 equidem
405 2921 461 2968 uos
482 2923 539 2988 pro
561 2903 713 2972 desiderio
738 2922 807 2970 meo
830 2902 927 2970 fuisse
949 2904 1145 2970 subtractos:
1182 2899 1235 2967 sed

102 3004 190 3072 eliud
213 3023 268 3090 spe
292 3005 330 3071 de
353 3005 567 3074 sollieitudine
590 3010 697 3074 nestra
710 3025 940 3092 preeoeperem.
962 3025 1036 3072 nem
1052 3008 1084 3071 et
1098 3003 1234 3088 qualiter

103 3111 237 3176 domnus
259 3111 317 3177 deo
338 3111 521 3194 praestante
546 3109 733 3178 ueledirerit
761 3113 794 3179 et
820 3109 875 3196 qni
903 3111 993 3178 nobie
1015 3109 1136 3178 itineris
1159 3111 1234 3176 ordo

103 3214 217 3292 inerit,
247 3212 275 3282 si
303 3213 364 3280 mei
386 3233 506 3281 memor
529 3231 623 3292 esses,
646 3233 844 3300 agnomrm.
890 3213 946 3281 sod
968 3214 1043 3298 quid
1065 3213 1157 3293 faeie,
1181 3215 1233 3299 qui

67 3318 342 3403 eneglegentiam
378 3319 518 3383 uestrum
554 3335 612 3383 nee
649 3317 842 3402 suggerendo
886 3316 1021 3386 formam
1062 3317 1234 3384 effectionis

104 3422 271 3506 expugno?
292 3437 365 3505 ergo
381 3423 408 3487 si
424 3424 456 3488 te
472 3418 597 3488 Christo
612 3419 669 3487 deo
694 3423 801 3486 nostro
818 3421 976 3489 tribuente
998 3441 1068 3506 spes
1083 3420 1233 3506 nuptialis

151 3657 493 3728 xxmegneuenu
593 3661 855 3718 suaderem
957 3659 1235 3730 empmnomee

99 3761 149 3800 noe
168 3761 240 3801 sorr.
259 3761 294 3799 ne
312 3747 396 3812 »Μ
501 3747 648 3802 Sirnotoo
675 3746 703 3802 B
813 3748 847 3802 12
873 3763 954 3803 unere
978 3749 1045 3814 fort.
1150 3748 1235 3804 uolam

98 3865 165 3922 ew
272 3867 306 3922 1e
322 3868 467 3938 proximior
484 3867 568 3924 sene.
674 3870 707 3925 14
724 3869 869 3925 meeum
886 3869 914 3925 e
1012 3835 1139 3936 retr,
1166 3869 1235 3924 mine
1268 3924 1275 3936 ,

99 3953 185 4011 BLV
286 3953 582 4023 hororidoentiamquae
599 3956 628 4012 B
732 3957 767 4011 le
783 3960 937 4025 apostorum
955 3957 983 4011 Β

132 4055 234 4112 xxvi.
269 4057 305 4111 20
330 4058 445 4113 mmsele
471 4058 529 4116 Μ’
628 4059 661 4114 21
690 4059 829 4130 aequitem
857 4060 885 4115 B
991 4059 1026 4114 22
1052 4075 1099 4130 epe
1124 4059 1234 4128 scripsi,

100 4143 153 4212 spei
181 4143 249 4200 lutri
404 4143 614 4200 sollieitudinem
642 4147 682 4201 Β1
844 4147 1025 4216 praeciperem
1051 4145 1140 4212 BLV,
1176 4163 1233 4217 per·

100 4245 219 4300 oeperem
237 4229 285 4286 Po
386 4229 540 4286 24eseieB
643 4231 754 4288 tatioB
856 4231 1100 4302 25uegligentiam
1112 4232 1168 4289 ΒΤ

99 4316 134 4370 26
150 4316 285 4387 nuptialia
304 4317 397 4383 Pure,
425 4317 561 4387 nuptiales
578 4317 702 4374 Bwv
