<?xml version="1.0" encoding="UTF-8"?>
<!DOCTYPE html PUBLIC "-//W3C//DTD XHTML 1.0 Transitional//EN"
    "http://www.w3.org/TR/xhtml1/DTD/xhtml1-transitional.dtd">
<html xmlns="http://www.w3.org/1999/xhtml" xml:lang="en" lang="en">
 <head>
  <title>
</title>
<meta http-equiv="Content-Type" content="text/html;charset=utf-8" />
  <meta name='ocr-system' content='tesseract 3.04.00' />
  <meta name='ocr-capabilities' content='ocr_page ocr_carea ocr_par ocr_line ocrx_word'/>
</head>
<body>
  <div class='ocr_page' id='page_1' title='image "./corpusscriptoru13wissgoog_0677.png"; bbox 0 0 2934 4934; ppageno 0'>
   <div class='ocr_carea' id='block_1_1' title="bbox 408 419 1218 496">
    <p class='ocr_par' dir='ltr' id='par_1_1' title="bbox 408 419 1218 496">
     <span class='ocr_line' id='line_1_1' title="bbox 408 419 1218 496; baseline 0.007 -20"><span class='ocrx_word' id='word_1_1' title='bbox 408 419 600 494; x_wconf 73' lang='lat' dir='ltr'><strong>(terminum</strong></span> <span class='ocrx_word' id='word_1_2' title='bbox 623 419 712 477; x_wconf 84' lang='lat' dir='ltr'><strong>liber</strong></span> <span class='ocrx_word' id='word_1_3' title='bbox 729 422 769 488; x_wconf 85' lang='lat'><strong>11,</strong></span> <span class='ocrx_word' id='word_1_4' title='bbox 787 423 899 480; x_wconf 69' lang='grc' dir='ltr'><strong>Ἰῖ-ἵῖ.</strong></span> <span class='ocrx_word' id='word_1_5' title='bbox 1154 428 1218 496; x_wconf 75' lang='lat'><strong>581</strong></span> 
     </span>
    </p>
   </div>
   <div class='ocr_carea' id='block_1_2' title="bbox 172 578 1052 692">
    <p class='ocr_par' dir='ltr' id='par_1_2' title="bbox 172 578 1052 692">
     <span class='ocr_line' id='line_1_2' title="bbox 172 578 1052 692; baseline 0.008 -18"><span class='ocrx_word' id='word_1_6' title='bbox 172 605 347 685; x_wconf 73' lang='lat' dir='ltr'><strong>subtrahit,</strong></span> <span class='ocrx_word' id='word_1_7' title='bbox 373 625 529 692; x_wconf 86' lang='lat' dir='ltr'><strong>opponens</strong></span> <span class='ocrx_word' id='word_1_8' title='bbox 553 609 592 674; x_wconf 90' lang='lat' dir='ltr'><strong>ad</strong></span> <span class='ocrx_word' id='word_1_9' title='bbox 615 578 726 676; x_wconf 85' lang='lat' dir='ltr'><strong>sancta</strong></span> <span class='ocrx_word' id='word_1_10' title='bbox 747 611 903 678; x_wconf 88' lang='lat' dir='ltr'><strong>uooabnla</strong></span> <span class='ocrx_word' id='word_1_11' title='bbox 927 615 1052 681; x_wconf 91' lang='lat' dir='ltr'><strong>olunem</strong></span> 
     </span>
    </p>
   </div>
   <div class='ocr_carea' id='block_1_3' title="bbox 101 709 1131 902">
    <p class='ocr_par' dir='ltr' id='par_1_3' title="bbox 101 709 1131 902">
     <span class='ocr_line' id='line_1_3' title="bbox 171 709 1120 802; baseline 0.007 -24"><span class='ocrx_word' id='word_1_12' title='bbox 171 709 232 778; x_wconf 79' lang='lat' dir='ltr'><strong>Sed</strong></span> <span class='ocrx_word' id='word_1_13' title='bbox 254 711 361 794; x_wconf 85' lang='lat' dir='ltr'><strong>prooul</strong></span> <span class='ocrx_word' id='word_1_14' title='bbox 383 713 432 778; x_wconf 85' lang='lat' dir='ltr'><strong>est</strong></span> <span class='ocrx_word' id='word_1_15' title='bbox 453 713 587 794; x_wconf 79' lang='lat' dir='ltr'><strong>pecudes</strong></span> <span class='ocrx_word' id='word_1_16' title='bbox 611 715 691 796; x_wconf 87' lang='lat' dir='ltr'><strong>quod</strong></span> <span class='ocrx_word' id='word_1_17' title='bbox 714 719 820 782; x_wconf 88' lang='lat' dir='ltr'><strong>osnset</strong></span> <span class='ocrx_word' id='word_1_18' title='bbox 840 716 957 782; x_wconf 88' lang='lat' dir='ltr'><strong>mentis</strong></span> <span class='ocrx_word' id='word_1_19' title='bbox 979 718 1120 802; x_wconf 85' lang='lat' dir='ltr'><strong>iniquae:</strong></span> 
     </span>
     <span class='ocr_line' id='line_1_4' title="bbox 101 813 1131 902; baseline 0.005 -21"><span class='ocrx_word' id='word_1_20' title='bbox 101 815 126 881; x_wconf 81' lang='lat'>5</span> <span class='ocrx_word' id='word_1_21' title='bbox 171 813 371 898; x_wconf 77' lang='lat' dir='ltr'>Propositum</span> <span class='ocrx_word' id='word_1_22' title='bbox 392 819 513 900; x_wconf 86' lang='lat' dir='ltr'><strong>perstat</strong></span> <span class='ocrx_word' id='word_1_23' title='bbox 535 818 667 902; x_wconf 83' lang='lat' dir='ltr'><strong>generis,</strong></span> <span class='ocrx_word' id='word_1_24' title='bbox 692 820 774 900; x_wconf 86' lang='lat' dir='ltr'><strong>quod</strong></span> <span class='ocrx_word' id='word_1_25' title='bbox 795 818 964 886; x_wconf 88' lang='lat' dir='ltr'><strong>stemmata</strong></span> <span class='ocrx_word' id='word_1_26' title='bbox 986 820 1131 887; x_wconf 88' lang='lat' dir='ltr'><strong>fundunt.</strong></span> 
     </span>
    </p>
   </div>
   <div class='ocr_carea' id='block_1_4' title="bbox 101 1104 1023 1812">
    <p class='ocr_par' dir='ltr' id='par_1_4' title="bbox 101 1104 1023 1812">
     <span class='ocr_line' id='line_1_5' title="bbox 283 1104 1023 1174; baseline 0.009 -15"><span class='ocrx_word' id='word_1_27' title='bbox 283 1104 331 1160; x_wconf 80' lang='lat' dir='ltr'><strong>DE</strong></span> <span class='ocrx_word' id='word_1_28' title='bbox 349 1105 504 1164; x_wconf 74' lang='lat' dir='ltr'><strong>canuno</strong></span> <span class='ocrx_word' id='word_1_29' title='bbox 521 1107 584 1174; x_wconf 76' lang='lat' dir='ltr'><strong>QVI</strong></span> <span class='ocrx_word' id='word_1_30' title='bbox 602 1105 792 1166; x_wconf 77' lang='lat' dir='ltr'><strong>nnnsnsoss</strong></span> <span class='ocrx_word' id='word_1_31' title='bbox 808 1107 1023 1166; x_wconf 72' lang='lat' dir='ltr'><strong>olonnam.</strong></span> 
     </span>
     <span class='ocr_line' id='line_1_6' title="bbox 172 1210 1017 1297; baseline 0.006 -21"><span class='ocrx_word' id='word_1_32' title='bbox 172 1210 308 1295; x_wconf 81' lang='lat' dir='ltr'><strong>Aspidas</strong></span> <span class='ocrx_word' id='word_1_33' title='bbox 331 1215 368 1277; x_wconf 91' lang='lat' dir='ltr'><strong>nt</strong></span> <span class='ocrx_word' id='word_1_34' title='bbox 390 1215 494 1296; x_wconf 84' lang='lat' dir='ltr'><strong>sapiat</strong></span> <span class='ocrx_word' id='word_1_35' title='bbox 516 1215 610 1278; x_wconf 86' lang='lat' dir='ltr'><strong>testis</strong></span> <span class='ocrx_word' id='word_1_36' title='bbox 633 1212 718 1279; x_wconf 77' lang='lat' dir='ltr'><strong>haus</strong></span> <span class='ocrx_word' id='word_1_37' title='bbox 742 1213 866 1297; x_wconf 82' lang='lat' dir='ltr'><strong>hospita</strong></span> <span class='ocrx_word' id='word_1_38' title='bbox 888 1214 1017 1297; x_wconf 78' lang='lat' dir='ltr'><strong>technis,</strong></span> 
     </span>
     <span class='ocr_line' id='line_1_7' title="bbox 214 1311 862 1402; baseline 0.005 -23"><span class='ocrx_word' id='word_1_39' title='bbox 214 1311 278 1380; x_wconf 83' lang='lat' dir='ltr'><strong>Sub</strong></span> <span class='ocrx_word' id='word_1_40' title='bbox 300 1313 368 1380; x_wconf 92' lang='lat' dir='ltr'><strong>ludi</strong></span> <span class='ocrx_word' id='word_1_41' title='bbox 390 1315 492 1398; x_wconf 82' lang='lat' dir='ltr'><strong>speeie</strong></span> <span class='ocrx_word' id='word_1_42' title='bbox 514 1315 624 1382; x_wconf 89' lang='lat' dir='ltr'><strong>mortis</strong></span> <span class='ocrx_word' id='word_1_43' title='bbox 646 1315 751 1402; x_wconf 80' lang='lat' dir='ltr'><strong>imago</strong></span> <span class='ocrx_word' id='word_1_44' title='bbox 773 1318 862 1383; x_wconf 89' lang='lat' dir='ltr'><strong>latet.</strong></span> 
     </span>
     <span class='ocr_line' id='line_1_8' title="bbox 173 1415 903 1502; baseline 0.004 -21"><span class='ocrx_word' id='word_1_45' title='bbox 173 1415 293 1482; x_wconf 87' lang='lat' dir='ltr'><strong>Vmbra</strong></span> <span class='ocrx_word' id='word_1_46' title='bbox 314 1416 476 1483; x_wconf 80' lang='lat' dir='ltr'><strong>lacessitas</strong></span> <span class='ocrx_word' id='word_1_47' title='bbox 497 1419 641 1500; x_wconf 78' lang='lat' dir='ltr'><strong>producit</strong></span> <span class='ocrx_word' id='word_1_48' title='bbox 664 1417 778 1484; x_wconf 79' lang='lat' dir='ltr'><strong>callida</strong></span> <span class='ocrx_word' id='word_1_49' title='bbox 800 1422 903 1502; x_wconf 86' lang='lat' dir='ltr'><strong>pestes</strong></span> 
     </span>
     <span class='ocr_line' id='line_1_9' title="bbox 213 1519 881 1604; baseline 0.001 -20"><span class='ocrx_word' id='word_1_50' title='bbox 213 1520 255 1585; x_wconf 83' lang='lat' dir='ltr'><strong>Et</strong></span> <span class='ocrx_word' id='word_1_51' title='bbox 277 1519 397 1587; x_wconf 88' lang='lat' dir='ltr'><strong>bellum</strong></span> <span class='ocrx_word' id='word_1_52' title='bbox 419 1519 544 1586; x_wconf 88' lang='lat' dir='ltr'><strong>blandis</strong></span> <span class='ocrx_word' id='word_1_53' title='bbox 568 1519 728 1604; x_wconf 83' lang='lat' dir='ltr'><strong>principiis</strong></span> <span class='ocrx_word' id='word_1_54' title='bbox 750 1522 881 1603; x_wconf 79' lang='lat' dir='ltr'><strong>geritur.</strong></span> 
     </span>
     <span class='ocr_line' id='line_1_10' title="bbox 101 1621 974 1708; baseline 0.002 -20"><span class='ocrx_word' id='word_1_55' title='bbox 101 1622 126 1688; x_wconf 81' lang='lat'>5</span> <span class='ocrx_word' id='word_1_56' title='bbox 171 1621 305 1702; x_wconf 81' lang='lat' dir='ltr'><strong>credito,</strong></span> <span class='ocrx_word' id='word_1_57' title='bbox 327 1641 390 1690; x_wconf 92' lang='lat' dir='ltr'><strong>non</strong></span> <span class='ocrx_word' id='word_1_58' title='bbox 412 1625 506 1690; x_wconf 87' lang='lat' dir='ltr'><strong>aliter</strong></span> <span class='ocrx_word' id='word_1_59' title='bbox 527 1621 680 1690; x_wconf 80' lang='lat' dir='ltr'><strong>Defensor</strong></span> <span class='ocrx_word' id='word_1_60' title='bbox 702 1623 823 1708; x_wconf 88' lang='lat' dir='ltr'><strong>proelia</strong></span> <span class='ocrx_word' id='word_1_61' title='bbox 848 1627 974 1706; x_wconf 74' lang='lat' dir='ltr'><strong>baubat,</strong></span> 
     </span>
     <span class='ocr_line' id='line_1_11' title="bbox 213 1725 961 1812; baseline 0.005 -21"><span class='ocrx_word' id='word_1_62' title='bbox 213 1725 274 1808; x_wconf 80' lang='lat' dir='ltr'><strong>Qui</strong></span> <span class='ocrx_word' id='word_1_63' title='bbox 296 1731 423 1792; x_wconf 78' lang='lat' dir='ltr'><strong>accusat</strong></span> <span class='ocrx_word' id='word_1_64' title='bbox 446 1729 559 1809; x_wconf 87' lang='lat' dir='ltr'><strong>ridens,</strong></span> <span class='ocrx_word' id='word_1_65' title='bbox 582 1729 637 1811; x_wconf 87' lang='lat' dir='ltr'><strong>qui</strong></span> <span class='ocrx_word' id='word_1_66' title='bbox 658 1727 787 1812; x_wconf 87' lang='lat' dir='ltr'><strong>perimit</strong></span> <span class='ocrx_word' id='word_1_67' title='bbox 808 1729 961 1811; x_wconf 85' lang='lat' dir='ltr'><strong>placidus.</strong></span> 
     </span>
    </p>
   </div>
   <div class='ocr_carea' id='block_1_5' title="bbox 571 1899 731 1967">
    <p class='ocr_par' dir='ltr' id='par_1_5' title="bbox 571 1899 731 1967">
     <span class='ocr_line' id='line_1_12' title="bbox 571 1899 731 1967; baseline 0.006 -1"><span class='ocrx_word' id='word_1_68' title='bbox 571 1899 731 1967; x_wconf 84' lang='lat' dir='ltr'>LXXVII.</span> 
     </span>
    </p>
   </div>
   <div class='ocr_carea' id='block_1_6' title="bbox 197 2033 1101 2094">
    <p class='ocr_par' dir='ltr' id='par_1_6' title="bbox 197 2033 1101 2094">
     <span class='ocr_line' id='line_1_13' title="bbox 197 2033 1101 2094; baseline 0.002 -4"><span class='ocrx_word' id='word_1_69' title='bbox 197 2033 245 2090; x_wconf 78' lang='lat' dir='ltr'><strong>DE</strong></span> <span class='ocrx_word' id='word_1_70' title='bbox 268 2033 389 2090; x_wconf 80' lang='lat' dir='ltr'><strong>DOMNI</strong></span> <span class='ocrx_word' id='word_1_71' title='bbox 406 2033 568 2090; x_wconf 75' lang='lat' dir='ltr'><strong>AMBROSI</strong></span> <span class='ocrx_word' id='word_1_72' title='bbox 585 2033 751 2094; x_wconf 75' lang='lat' dir='ltr'>EPISOOPI</span> <span class='ocrx_word' id='word_1_73' title='bbox 768 2033 922 2094; x_wconf 68' lang='lat' dir='ltr'><strong>bonave</strong></span> <span class='ocrx_word' id='word_1_74' title='bbox 939 2035 986 2091; x_wconf 76' lang='grc' dir='ltr'><strong>ΕΤ</strong></span> <span class='ocrx_word' id='word_1_75' title='bbox 1004 2035 1101 2092; x_wconf 78' lang='lat' dir='ltr'><strong>VITA.</strong></span> 
     </span>
    </p>
   </div>
   <div class='ocr_carea' id='block_1_7' title="bbox 82 2138 1015 3565">
    <p class='ocr_par' dir='ltr' id='par_1_7' title="bbox 82 2138 1015 3565">
     <span class='ocr_line' id='line_1_14' title="bbox 170 2138 995 2225; baseline 0.002 -19"><span class='ocrx_word' id='word_1_76' title='bbox 170 2138 245 2224; x_wconf 80' lang='lat' dir='ltr'><strong>Dgit</strong></span> <span class='ocrx_word' id='word_1_77' title='bbox 266 2139 349 2224; x_wconf 88' lang='lat' dir='ltr'><strong>quod</strong></span> <span class='ocrx_word' id='word_1_78' title='bbox 371 2141 477 2206; x_wconf 76' lang='lat' dir='ltr'><strong>docuit</strong></span> <span class='ocrx_word' id='word_1_79' title='bbox 499 2139 623 2206; x_wconf 89' lang='lat' dir='ltr'><strong>meritis</strong></span> <span class='ocrx_word' id='word_1_80' title='bbox 645 2141 816 2207; x_wconf 87' lang='lat' dir='ltr'><strong>ethonore</strong></span> <span class='ocrx_word' id='word_1_81' title='bbox 839 2145 995 2225; x_wconf 84' lang='lat' dir='ltr'><strong>superstes</strong></span> 
     </span>
     <span class='ocr_line' id='line_1_15' title="bbox 212 2242 830 2329; baseline 0.005 -21"><span class='ocrx_word' id='word_1_82' title='bbox 212 2242 398 2309; x_wconf 85' lang='lat' dir='ltr'><strong>Ambrosius</strong></span> <span class='ocrx_word' id='word_1_83' title='bbox 421 2246 510 2310; x_wconf 88' lang='lat' dir='ltr'><strong>uates</strong></span> <span class='ocrx_word' id='word_1_84' title='bbox 533 2243 674 2310; x_wconf 89' lang='lat' dir='ltr'><strong>moribus</strong></span> <span class='ocrx_word' id='word_1_85' title='bbox 697 2245 830 2329; x_wconf 84' lang='lat' dir='ltr'><strong>ingenio,</strong></span> 
     </span>
     <span class='ocr_line' id='line_1_16' title="bbox 168 2344 920 2433; baseline 0.001 -20"><span class='ocrx_word' id='word_1_86' title='bbox 168 2346 303 2413; x_wconf 88' lang='lat' dir='ltr'><strong>Rosoida</strong></span> <span class='ocrx_word' id='word_1_87' title='bbox 323 2344 450 2430; x_wconf 77' lang='lat' dir='ltr'><strong>regifico</strong></span> <span class='ocrx_word' id='word_1_88' title='bbox 474 2349 524 2412; x_wconf 91' lang='lat' dir='ltr'><strong>oui</strong></span> <span class='ocrx_word' id='word_1_89' title='bbox 547 2347 639 2412; x_wconf 82' lang='lat' dir='ltr'><strong>fulsit</strong></span> <span class='ocrx_word' id='word_1_90' title='bbox 659 2349 780 2414; x_wconf 83' lang='lat' dir='ltr'><strong>murice</strong></span> <span class='ocrx_word' id='word_1_91' title='bbox 800 2349 920 2433; x_wconf 84' lang='lat' dir='ltr'><strong>lingna,</strong></span> 
     </span>
     <span class='ocr_line' id='line_1_17' title="bbox 213 2449 923 2536; baseline -0.003 -20"><span class='ocrx_word' id='word_1_92' title='bbox 213 2449 293 2516; x_wconf 84' lang='lat' dir='ltr'><strong>Vero</strong></span> <span class='ocrx_word' id='word_1_93' title='bbox 315 2468 371 2516; x_wconf 89' lang='lat' dir='ltr'><strong>sno</strong></span> <span class='ocrx_word' id='word_1_94' title='bbox 394 2451 525 2536; x_wconf 83' lang='lat' dir='ltr'><strong>pingens</strong></span> <span class='ocrx_word' id='word_1_95' title='bbox 546 2453 690 2536; x_wconf 82' lang='lat' dir='ltr'><strong>germina</strong></span> <span class='ocrx_word' id='word_1_96' title='bbox 711 2453 792 2535; x_wconf 88' lang='lat' dir='ltr'><strong>quae</strong></span> <span class='ocrx_word' id='word_1_97' title='bbox 812 2452 923 2520; x_wconf 83' lang='lat' dir='ltr'><strong>uoluit.</strong></span> 
     </span>
     <span class='ocr_line' id='line_1_18' title="bbox 103 2553 880 2638; baseline -0.001 -17"><span class='ocrx_word' id='word_1_98' title='bbox 103 2554 128 2621; x_wconf 81' lang='lat'><strong>5</strong></span> <span class='ocrx_word' id='word_1_99' title='bbox 172 2553 262 2624; x_wconf 81' lang='lat' dir='ltr'><strong>Serta</strong></span> <span class='ocrx_word' id='word_1_100' title='bbox 283 2554 449 2620; x_wconf 88' lang='lat' dir='ltr'><strong>redimitus</strong></span> <span class='ocrx_word' id='word_1_101' title='bbox 471 2555 615 2638; x_wconf 82' lang='lat' dir='ltr'><strong>gestabat</strong></span> <span class='ocrx_word' id='word_1_102' title='bbox 638 2555 746 2621; x_wconf 85' lang='lat' dir='ltr'><strong>lueida</strong></span> <span class='ocrx_word' id='word_1_103' title='bbox 767 2555 880 2633; x_wconf 86' lang='lat' dir='ltr'><strong>fronto,</strong></span> 
     </span>
     <span class='ocr_line' id='line_1_19' title="bbox 210 2657 904 2743; baseline 0.001 -21"><span class='ocrx_word' id='word_1_104' title='bbox 210 2657 403 2723; x_wconf 85' lang='lat' dir='ltr'><strong>Distinetnm</strong></span> <span class='ocrx_word' id='word_1_105' title='bbox 426 2659 561 2742; x_wconf 84' lang='lat' dir='ltr'><strong>gemmis</strong></span> <span class='ocrx_word' id='word_1_106' title='bbox 583 2677 636 2724; x_wconf 90' lang='lat' dir='ltr'><strong>ore</strong></span> <span class='ocrx_word' id='word_1_107' title='bbox 658 2657 793 2743; x_wconf 86' lang='lat' dir='ltr'><strong>parabat</strong></span> <span class='ocrx_word' id='word_1_108' title='bbox 818 2676 904 2741; x_wconf 90' lang='lat' dir='ltr'><strong>opns.</strong></span> 
     </span>
     <span class='ocr_line' id='line_1_20' title="bbox 168 2755 910 2846; baseline 0.003 -22"><span class='ocrx_word' id='word_1_109' title='bbox 168 2755 314 2825; x_wconf 89' lang='lat' dir='ltr'><strong>Instituit</strong></span> <span class='ocrx_word' id='word_1_110' title='bbox 335 2760 466 2844; x_wconf 87' lang='lat' dir='ltr'><strong>populos</strong></span> <span class='ocrx_word' id='word_1_111' title='bbox 489 2763 580 2846; x_wconf 84' lang='lat' dir='ltr'><strong>gestu</strong></span> <span class='ocrx_word' id='word_1_112' title='bbox 602 2761 760 2846; x_wconf 80' lang='lat' dir='ltr'><strong>probitate</strong></span> <span class='ocrx_word' id='word_1_113' title='bbox 781 2761 910 2846; x_wconf 85' lang='lat' dir='ltr'><strong>pudore,</strong></span> 
     </span>
     <span class='ocr_line' id='line_1_21' title="bbox 210 2862 847 2948; baseline 0.002 -21"><span class='ocrx_word' id='word_1_114' title='bbox 210 2862 305 2928; x_wconf 78' lang='lat' dir='ltr'><strong>nouit</strong></span> <span class='ocrx_word' id='word_1_115' title='bbox 326 2864 492 2945; x_wconf 87' lang='lat' dir='ltr'><strong>respioiens</strong></span> <span class='ocrx_word' id='word_1_116' title='bbox 514 2864 651 2948; x_wconf 77' lang='lat' dir='ltr'><strong>perculit</strong></span> <span class='ocrx_word' id='word_1_117' title='bbox 673 2863 847 2932; x_wconf 85' lang='lat' dir='ltr'><strong>admonuit.</strong></span> 
     </span>
     <span class='ocr_line' id='line_1_22' title="bbox 169 2963 991 3051; baseline 0.001 -22"><span class='ocrx_word' id='word_1_118' title='bbox 169 2963 264 3031; x_wconf 87' lang='lat' dir='ltr'><strong>Voois</strong></span> <span class='ocrx_word' id='word_1_119' title='bbox 287 2965 324 3030; x_wconf 89' lang='lat' dir='ltr'><strong>ut</strong></span> <span class='ocrx_word' id='word_1_120' title='bbox 346 2964 485 3032; x_wconf 78' lang='lat' dir='ltr'><strong>officium</strong></span> <span class='ocrx_word' id='word_1_121' title='bbox 507 2970 665 3050; x_wconf 87' lang='lat' dir='ltr'><strong>postrema</strong></span> <span class='ocrx_word' id='word_1_122' title='bbox 685 2967 828 3051; x_wconf 79' lang='lat' dir='ltr'><strong>peribula</strong></span> <span class='ocrx_word' id='word_1_123' title='bbox 848 2966 991 3050; x_wconf 79' lang='lat' dir='ltr'><strong>poscunt,</strong></span> 
     </span>
     <span class='ocr_line' id='line_1_23' title="bbox 82 3066 932 3155; baseline -0.001 -21"><span class='ocrx_word' id='word_1_124' title='bbox 82 3069 125 3135; x_wconf 89' lang='lat'><strong>10</strong></span> <span class='ocrx_word' id='word_1_125' title='bbox 212 3066 264 3134; x_wconf 87' lang='lat' dir='ltr'><strong>Sio</strong></span> <span class='ocrx_word' id='word_1_126' title='bbox 284 3069 409 3136; x_wconf 75' lang='lat' dir='ltr'><strong>teneros</strong></span> <span class='ocrx_word' id='word_1_127' title='bbox 432 3071 541 3152; x_wconf 79' lang='lat' dir='ltr'><strong>uulpes</strong></span> <span class='ocrx_word' id='word_1_128' title='bbox 563 3071 617 3155; x_wconf 88' lang='lat' dir='ltr'><strong>qui</strong></span> <span class='ocrx_word' id='word_1_129' title='bbox 640 3071 725 3136; x_wconf 85' lang='lat' dir='ltr'><strong>taust</strong></span> <span class='ocrx_word' id='word_1_130' title='bbox 747 3070 932 3152; x_wconf 84' lang='lat' dir='ltr'><strong>insequitur.</strong></span> 
     </span>
     <span class='ocr_line' id='line_1_24' title="bbox 167 3169 960 3257; baseline -0.003 -19"><span class='ocrx_word' id='word_1_131' title='bbox 167 3169 353 3238; x_wconf 80' lang='lat' dir='ltr'><strong>Snooinotns</strong></span> <span class='ocrx_word' id='word_1_132' title='bbox 375 3171 502 3255; x_wconf 83' lang='lat' dir='ltr'><strong>gladiis,</strong></span> <span class='ocrx_word' id='word_1_133' title='bbox 526 3173 618 3257; x_wconf 87' lang='lat' dir='ltr'><strong>olipoi</strong></span> <span class='ocrx_word' id='word_1_134' title='bbox 641 3174 679 3239; x_wconf 87' lang='lat' dir='ltr'><strong>ds</strong></span> <span class='ocrx_word' id='word_1_135' title='bbox 701 3173 837 3256; x_wconf 85' lang='lat' dir='ltr'><strong>pondere</strong></span> <span class='ocrx_word' id='word_1_136' title='bbox 860 3173 960 3250; x_wconf 85' lang='lat' dir='ltr'><strong>tutus,</strong></span> 
     </span>
     <span class='ocr_line' id='line_1_25' title="bbox 208 3271 885 3357; baseline 0 -19"><span class='ocrx_word' id='word_1_137' title='bbox 208 3271 340 3339; x_wconf 79' lang='lat' dir='ltr'><strong>Pectora</strong></span> <span class='ocrx_word' id='word_1_138' title='bbox 362 3272 529 3340; x_wconf 87' lang='lat' dir='ltr'><strong>olaudobat</strong></span> <span class='ocrx_word' id='word_1_139' title='bbox 551 3275 711 3341; x_wconf 82' lang='lat' dir='ltr'><strong>textilibus</strong></span> <span class='ocrx_word' id='word_1_140' title='bbox 734 3273 885 3357; x_wconf 81' lang='lat' dir='ltr'><strong>chalybis.</strong></span> 
     </span>
     <span class='ocr_line' id='line_1_26' title="bbox 168 3374 1015 3470; baseline 0.005 -30"><span class='ocrx_word' id='word_1_141' title='bbox 168 3374 260 3442; x_wconf 82' lang='lat' dir='ltr'><strong>Ensis</strong></span> <span class='ocrx_word' id='word_1_142' title='bbox 282 3375 378 3441; x_wconf 86' lang='lat' dir='ltr'><strong>habet</strong></span> <span class='ocrx_word' id='word_1_143' title='bbox 400 3377 483 3442; x_wconf 87' lang='lat' dir='ltr'><strong>uiros</strong></span> <span class='ocrx_word' id='word_1_144' title='bbox 505 3379 657 3444; x_wconf 86' lang='lat' dir='ltr'><strong>uitiorum</strong></span> <span class='ocrx_word' id='word_1_145' title='bbox 680 3381 781 3444; x_wconf 83' lang='lat' dir='ltr'><strong>sector</strong></span> <span class='ocrx_word' id='word_1_146' title='bbox 803 3378 837 3444; x_wconf 91' lang='lat' dir='ltr'><strong>et</strong></span> <span class='ocrx_word' id='word_1_147' title='bbox 858 3375 974 3444; x_wconf 84' lang='lat' dir='ltr'><strong>bostis:</strong></span> <span class='ocrx_word' id='word_1_148' title='bbox 1009 3459 1015 3470; x_wconf 25' lang='grc' dir='ltr'>ι</span> 
     </span>
     <span class='ocr_line' id='line_1_27' title="bbox 210 3477 913 3565; baseline 0.006 -23"><span class='ocrx_word' id='word_1_149' title='bbox 210 3477 325 3562; x_wconf 89' lang='lat' dir='ltr'><strong>Vipera</strong></span> <span class='ocrx_word' id='word_1_150' title='bbox 347 3496 409 3544; x_wconf 91' lang='lat' dir='ltr'><strong>non</strong></span> <span class='ocrx_word' id='word_1_151' title='bbox 431 3482 536 3565; x_wconf 82' lang='lat' dir='ltr'><strong>tangit</strong></span> <span class='ocrx_word' id='word_1_152' title='bbox 559 3497 707 3563; x_wconf 84' lang='lat' dir='ltr'><strong>squamus</strong></span> <span class='ocrx_word' id='word_1_153' title='bbox 727 3481 818 3564; x_wconf 87' lang='lat' dir='ltr'><strong>terga</strong></span> <span class='ocrx_word' id='word_1_154' title='bbox 839 3481 913 3546; x_wconf 87' lang='lat' dir='ltr'><strong>uiri.</strong></span> 
     </span>
    </p>
   </div>
   <div class='ocr_carea' id='block_1_8' title="bbox 69 3663 1232 4425">
    <p class='ocr_par' dir='ltr' id='par_1_8' title="bbox 69 3663 1232 4425">
     <span class='ocr_line' id='line_1_28' title="bbox 130 3663 1214 3736; baseline -0.002 -16"><span class='ocrx_word' id='word_1_155' title='bbox 130 3665 150 3720; x_wconf 83' lang='lat'><strong>3</strong></span> <span class='ocrx_word' id='word_1_156' title='bbox 171 3663 314 3720; x_wconf 81' lang='lat' dir='ltr'><strong>subtrahet</strong></span> <span class='ocrx_word' id='word_1_157' title='bbox 335 3665 364 3720; x_wconf 99' lang='grc' dir='ltr'><strong><em>Β</em></strong></span> <span class='ocrx_word' id='word_1_158' title='bbox 466 3665 485 3720; x_wconf 87' lang='lat'>4</span> <span class='ocrx_word' id='word_1_159' title='bbox 507 3664 620 3736; x_wconf 81' lang='lat' dir='ltr'><strong>pecudes</strong></span> <span class='ocrx_word' id='word_1_160' title='bbox 643 3666 685 3734; x_wconf 89' lang='lat' dir='ltr'><strong>B,</strong></span> <span class='ocrx_word' id='word_1_161' title='bbox 711 3665 821 3736; x_wconf 76' lang='lat' dir='ltr'><strong>pecudis</strong></span> <span class='ocrx_word' id='word_1_162' title='bbox 843 3665 1000 3722; x_wconf 72' lang='lat' dir='ltr'><strong>mnPTVb</strong></span> <span class='ocrx_word' id='word_1_163' title='bbox 1102 3665 1214 3732; x_wconf 77' lang='lat' dir='ltr'><strong>borso·</strong></span> 
     </span>
     <span class='ocr_line' id='line_1_29' title="bbox 75 3747 1214 3822; baseline 0.002 -16"><span class='ocrx_word' id='word_1_164' title='bbox 75 3754 137 3806; x_wconf 88' lang='lat' dir='ltr'><strong>stat</strong></span> <span class='ocrx_word' id='word_1_165' title='bbox 155 3749 222 3806; x_wconf 69' lang='lat' dir='ltr'><strong>BP</strong></span> <span class='ocrx_word' id='word_1_166' title='bbox 241 3751 285 3817; x_wconf 69' lang='lat' dir='ltr'><strong>(ise</strong></span> <span class='ocrx_word' id='word_1_167' title='bbox 296 3751 393 3822; x_wconf 62' lang='lat' dir='ltr'><strong>”upbit</strong></span> <span class='ocrx_word' id='word_1_168' title='bbox 483 3750 606 3808; x_wconf 80' lang='lat' dir='ltr'><strong>LXXVI.</strong></span> <span class='ocrx_word' id='word_1_169' title='bbox 631 3752 645 3807; x_wconf 92' lang='lat'>1</span> <span class='ocrx_word' id='word_1_170' title='bbox 664 3751 755 3808; x_wconf 74' lang='lat' dir='ltr'><strong>obsita</strong></span> <span class='ocrx_word' id='word_1_171' title='bbox 771 3753 839 3820; x_wconf 70' lang='lat' dir='ltr'><strong>fort.</strong></span> <span class='ocrx_word' id='word_1_172' title='bbox 930 3751 1035 3806; x_wconf 78' lang='lat' dir='ltr'><strong>technis</strong></span> <span class='ocrx_word' id='word_1_173' title='bbox 1052 3751 1077 3817; x_wconf 81' lang='lat' dir='ltr'><strong>b,</strong></span> <span class='ocrx_word' id='word_1_174' title='bbox 1102 3747 1214 3818; x_wconf 67' lang='lat' dir='ltr'><strong>thegni!</strong></span> 
     </span>
     <span class='ocr_line' id='line_1_30' title="bbox 71 3833 1232 3908; baseline -0.003 -15"><span class='ocrx_word' id='word_1_175' title='bbox 71 3838 115 3903; x_wconf 88' lang='grc' dir='ltr'><strong>-Β,</strong></span> <span class='ocrx_word' id='word_1_176' title='bbox 140 3836 231 3906; x_wconf 71' lang='lat' dir='ltr'><strong>tophis</strong></span> <span class='ocrx_word' id='word_1_177' title='bbox 243 3835 332 3904; x_wconf 80' lang='lat' dir='ltr'><strong><em>LPV,</em></strong></span> <span class='ocrx_word' id='word_1_178' title='bbox 356 3837 490 3906; x_wconf 75' lang='lat' dir='ltr'><strong>rognisE</strong></span> <span class='ocrx_word' id='word_1_179' title='bbox 575 3835 662 3893; x_wconf 73' lang='lat' dir='ltr'><strong>abidi</strong></span> <span class='ocrx_word' id='word_1_180' title='bbox 681 3837 719 3892; x_wconf 72' lang='grc' dir='ltr'><strong>Β1</strong></span> <span class='ocrx_word' id='word_1_181' title='bbox 805 3838 924 3908; x_wconf 74' lang='lat' dir='ltr'><strong>dpsstis</strong></span> <span class='ocrx_word' id='word_1_182' title='bbox 942 3837 971 3890; x_wconf 92' lang='grc' dir='ltr'><strong><em>Β</em></strong></span> <span class='ocrx_word' id='word_1_183' title='bbox 1055 3833 1232 3892; x_wconf 70' lang='lat' dir='ltr'><strong>bdormsor·</strong></span> 
     </span>
     <span class='ocr_line' id='line_1_31' title="bbox 71 3919 1214 3993; baseline -0.004 -13"><span class='ocrx_word' id='word_1_184' title='bbox 71 3923 200 3980; x_wconf 68' lang='lat' dir='ltr'><strong>dominus</strong></span> <span class='ocrx_word' id='word_1_185' title='bbox 221 3923 250 3978; x_wconf 89' lang='grc' dir='ltr'><strong><em>Β</em></strong></span> <span class='ocrx_word' id='word_1_186' title='bbox 352 3923 370 3979; x_wconf 85' lang='grc'>6</span> <span class='ocrx_word' id='word_1_187' title='bbox 393 3925 507 3993; x_wconf 62' lang='lat' dir='ltr'><strong>perimm</strong></span> <span class='ocrx_word' id='word_1_188' title='bbox 529 3923 558 3978; x_wconf 89' lang='grc' dir='ltr'><strong><em>Β</em></strong></span> <span class='ocrx_word' id='word_1_189' title='bbox 661 3922 800 3983; x_wconf 78' lang='lat' dir='ltr'><strong>mvn.</strong></span> <span class='ocrx_word' id='word_1_190' title='bbox 826 3923 875 3980; x_wconf 79' lang='lat' dir='ltr'><strong>DD</strong></span> <span class='ocrx_word' id='word_1_191' title='bbox 893 3924 981 3982; x_wconf 78' lang='lat' dir='ltr'><strong>VITA</strong></span> <span class='ocrx_word' id='word_1_192' title='bbox 998 3923 1044 3979; x_wconf 73' lang='lat' dir='ltr'><strong>ab</strong></span> <span class='ocrx_word' id='word_1_193' title='bbox 1061 3919 1214 3982; x_wconf 75' lang='lat' dir='ltr'><strong>suumve</strong></span> 
     </span>
     <span class='ocr_line' id='line_1_32' title="bbox 73 4007 1214 4078; baseline -0.003 -12"><span class='ocrx_word' id='word_1_194' title='bbox 73 4007 201 4066; x_wconf 78' lang='lat' dir='ltr'><strong>Donssn</strong></span> <span class='ocrx_word' id='word_1_195' title='bbox 216 4007 393 4066; x_wconf 73' lang='lat' dir='ltr'><strong>anabusn</strong></span> <span class='ocrx_word' id='word_1_196' title='bbox 411 4009 576 4066; x_wconf 76' lang='lat' dir='ltr'><strong>DPISDOPI</strong></span> <span class='ocrx_word' id='word_1_197' title='bbox 592 4009 708 4066; x_wconf 74' lang='lat' dir='ltr'><strong><em>ELPV</em></strong></span> <span class='ocrx_word' id='word_1_198' title='bbox 807 4011 917 4066; x_wconf 67' lang='lat' dir='ltr'><strong>bustis</strong></span> <span class='ocrx_word' id='word_1_199' title='bbox 934 4010 963 4065; x_wconf 91' lang='grc' dir='ltr'><strong><em>Β</em></strong></span> <span class='ocrx_word' id='word_1_200' title='bbox 1063 4009 1214 4078; x_wconf 68' lang='lat' dir='ltr'><strong>spingos</strong></span> 
     </span>
     <span class='ocr_line' id='line_1_33' title="bbox 73 4094 1216 4168; baseline -0.002 -16"><span class='ocrx_word' id='word_1_201' title='bbox 73 4096 192 4166; x_wconf 74' lang='lat' dir='ltr'><strong>(ens-in</strong></span> <span class='ocrx_word' id='word_1_202' title='bbox 208 4101 273 4161; x_wconf 78' lang='lat' dir='ltr'><strong>rus.)</strong></span> <span class='ocrx_word' id='word_1_203' title='bbox 299 4095 327 4152; x_wconf 81' lang='lat' dir='ltr'><strong>D</strong></span> <span class='ocrx_word' id='word_1_204' title='bbox 431 4097 449 4152; x_wconf 76' lang='lat' dir='ltr'><strong>d</strong></span> <span class='ocrx_word' id='word_1_205' title='bbox 470 4095 618 4151; x_wconf 80' lang='lat' dir='ltr'><strong>redemitus</strong></span> <span class='ocrx_word' id='word_1_206' title='bbox 642 4097 670 4152; x_wconf 93' lang='grc' dir='ltr'><strong><em>Β</em></strong></span> <span class='ocrx_word' id='word_1_207' title='bbox 774 4100 899 4167; x_wconf 55' lang='lat' dir='ltr'><strong>Quo</strong></span> <span class='ocrx_word' id='word_1_208' title='bbox 920 4097 1049 4168; x_wconf 72' lang='lat' dir='ltr'><strong>gestabst</strong></span> <span class='ocrx_word' id='word_1_209' title='bbox 1069 4094 1216 4152; x_wconf 82' lang='lat' dir='ltr'><strong>redimitus</strong></span> 
     </span>
     <span class='ocr_line' id='line_1_34' title="bbox 69 4179 1196 4253; baseline -0.005 -13"><span class='ocrx_word' id='word_1_210' title='bbox 69 4183 147 4240; x_wconf 73' lang='lat' dir='ltr'><strong>sons</strong></span> <span class='ocrx_word' id='word_1_211' title='bbox 165 4181 295 4239; x_wconf 66' lang='lat' dir='ltr'><strong>&amp;Muses</strong></span> <span class='ocrx_word' id='word_1_212' title='bbox 380 4181 500 4253; x_wconf 70' lang='lat' dir='ltr'><strong>epomis</strong></span> <span class='ocrx_word' id='word_1_213' title='bbox 517 4180 576 4239; x_wconf 82' lang='lat' dir='ltr'><strong>LV</strong></span> <span class='ocrx_word' id='word_1_214' title='bbox 664 4183 814 4252; x_wconf 82' lang='lat' dir='ltr'><strong>‘tpopnlns</strong></span> <span class='ocrx_word' id='word_1_215' title='bbox 830 4183 859 4236; x_wconf 91' lang='grc' dir='ltr'><strong><em>Β</em></strong></span> <span class='ocrx_word' id='word_1_216' title='bbox 951 4183 1059 4238; x_wconf 73' lang='lat' dir='ltr'><strong>anons</strong></span> <span class='ocrx_word' id='word_1_217' title='bbox 1075 4179 1145 4238; x_wconf 72' lang='lat' dir='ltr'><strong>BV*</strong></span> <span class='ocrx_word' id='word_1_218' title='bbox 1193 4226 1196 4234; x_wconf 90' lang='lat'><em>.</em></span> 
     </span>
     <span class='ocr_line' id='line_1_35' title="bbox 75 4266 1216 4340; baseline 0 -16"><span class='ocrx_word' id='word_1_219' title='bbox 75 4269 112 4325; x_wconf 92' lang='lat'><strong>10</strong></span> <span class='ocrx_word' id='word_1_220' title='bbox 130 4270 199 4324; x_wconf 82' lang='lat' dir='ltr'><strong>taeit</strong></span> <span class='ocrx_word' id='word_1_221' title='bbox 217 4269 258 4324; x_wconf 79' lang='grc' dir='ltr'><strong>Βι</strong></span> <span class='ocrx_word' id='word_1_222' title='bbox 351 4269 384 4325; x_wconf 80' lang='lat'><strong>12</strong></span> <span class='ocrx_word' id='word_1_223' title='bbox 401 4268 523 4340; x_wconf 77' lang='lat' dir='ltr'><strong>ohatpbis</strong></span> <span class='ocrx_word' id='word_1_224' title='bbox 540 4270 565 4337; x_wconf 90' lang='lat' dir='ltr'><strong>b,</strong></span> <span class='ocrx_word' id='word_1_225' title='bbox 592 4269 686 4324; x_wconf 82' lang='lat' dir='ltr'><strong>oslibis</strong></span> <span class='ocrx_word' id='word_1_226' title='bbox 703 4268 824 4334; x_wconf 77' lang='lat' dir='ltr'><strong>DLPV,</strong></span> <span class='ocrx_word' id='word_1_227' title='bbox 850 4267 951 4324; x_wconf 68' lang='lat' dir='ltr'><strong>mistis</strong></span> <span class='ocrx_word' id='word_1_228' title='bbox 968 4269 996 4325; x_wconf 91' lang='grc' dir='ltr'><strong><em>Β</em></strong></span> <span class='ocrx_word' id='word_1_229' title='bbox 1092 4267 1126 4324; x_wconf 85' lang='grc'><strong>13</strong></span> <span class='ocrx_word' id='word_1_230' title='bbox 1141 4266 1216 4324; x_wconf 85' lang='lat' dir='ltr'><strong>uoti·</strong></span> 
     </span>
     <span class='ocr_line' id='line_1_36' title="bbox 72 4355 523 4425; baseline -0.004 -13"><span class='ocrx_word' id='word_1_231' title='bbox 72 4371 156 4412; x_wconf 86' lang='lat' dir='ltr'><strong>orum</strong></span> <span class='ocrx_word' id='word_1_232' title='bbox 171 4355 213 4410; x_wconf 80' lang='grc' dir='ltr'><strong>ΒΙ</strong></span> <span class='ocrx_word' id='word_1_233' title='bbox 319 4355 352 4410; x_wconf 81' lang='grc'><strong>14</strong></span> <span class='ocrx_word' id='word_1_234' title='bbox 369 4355 474 4425; x_wconf 79' lang='lat' dir='ltr'><strong>hangit</strong></span> <span class='ocrx_word' id='word_1_235' title='bbox 492 4355 523 4410; x_wconf 84' lang='lat' dir='ltr'><em>E</em></span> 
     </span>
    </p>
   </div>
   <div class='ocr_carea' id='block_1_9' title="bbox 0 0 1493 4934">
    <p class='ocr_par' dir='ltr' id='par_1_9' title="bbox 0 0 1493 4934">
     <span class='ocr_line' id='line_1_37' title="bbox 0 0 1493 4934; baseline 0 0"><span class='ocrx_word' id='word_1_236' title='bbox 0 0 1493 4934; x_wconf 95' lang='lat' dir='ltr'><strong> </strong></span> 
     </span>
    </p>
   </div>
  </div>
 </body>
</html>
