2934 4934
382 385 497 457 Opusc.
517 387 564 443 Vl.
579 386 763 442 Ambrosio
780 390 813 442 et
829 387 943 442 Beato.
1160 387 1224 456 409

101 581 132 646 iu
153 579 218 646 illis
241 581 274 646 ct
294 578 445 665 magistra
467 577 668 644 taciturnitas
690 579 724 644 et
745 576 861 646 muniti
887 575 992 642 forma
1017 575 1145 644 silentii.
1177 577 1226 642 est

100 683 194 748 mam
209 681 364 750 Probinus
385 681 545 765 patricius,
567 679 683 764 placidi
705 681 858 764 germinis
870 679 1048 746 manicata
1062 678 1224 754 claritudo,

100 803 193 870 quem
216 785 409 852 emditcrum
426 783 570 851 -lamilice
592 801 693 850 mores
708 785 749 850 ad
762 802 901 868 unguem
915 783 1224 861 oucieertaluaut

101 892 153 973 qni
176 893 208 955 et
229 891 267 955 cle
288 888 387 972 patris
408 892 441 952 et
464 890 502 953 olo
524 887 624 954 soceri
646 887 752 954 munit
774 886 878 966 soum,
902 886 988 970 quod
1009 887 1142 953 mundns
1164 888 1224 953 est.

79 994 145 1059 rust
171 993 323 1076 patricius
346 991 516 1075 Cethegus,
544 993 610 1057 eins
631 991 731 1069 filins,
754 991 804 1055 uir
825 989 1013 1074 consularis,
1041 991 1096 1071 oui
1116 1006 1225 1056 mnam

99 1095 297 1180 prudentiam
319 1097 420 1161 minor
442 1093 683 1178 transgrediens⁴
696 1093 766 1158 sinc
786 1093 899 1159 aetatis
919 1090 1109 1176 prminoicm
1129 1091 1225 1158 habet

99 1204 129 1266 et
152 1203 372 1284 prouenturum
400 1215 541 1284 saporem
563 1200 597 1264 et
624 1196 719 1263 mella
748 1197 910 1279 pucritiae.
944 1197 993 1261 est
1019 1195 1146 1263 Boetius
1168 1213 1225 1277 pa·

98 1303 218 1382 tricina,
241 1304 347 1385 inquo
362 1301 416 1366 nix
438 1301 577 1367 discendi
600 1317 698 1366 annos
712 1300 843 1383 respicis
858 1301 891 1364 et
906 1298 1065 1383 intellegis
1078 1298 1224 1384 peritiam

98 1405 239 1471 sufficere
260 1407 324 1470 iam
347 1401 492 1487 docendi,
525 1404 563 1469 cle
586 1419 646 1486 qno
670 1403 907 1469 emendatorum
925 1401 1081 1468 iudicauit
1100 1401 1223 1468 electio.

67 1511 145 1574 raest
166 1507 320 1593 Agapitus
354 1507 520 1591 petrinius,
556 1509 586 1572 et
619 1506 783 1573 honestate
816 1505 903 1572 dines
934 1507 968 1572 et
999 1505 1140 1572 scientia
1177 1508 1224 1570 eat

97 1611 218 1678 Probus
241 1612 278 1674 V.
300 1611 337 1692 1.,
361 1629 454 1693 quem
475 1614 502 1678 si
524 1611 705 1694 sequamini,
728 1609 821 1675 illum
844 1609 995 1674 lanmum
1008 1612 1044 1674 et
1055 1610 1223 1687 Amanum,

98 1732 173 1797 quos
204 1714 410 1799 praedixistis,
434 1715 629 1798 praesentes,
663 1714 759 1780 etiam
793 1731 865 1780 oum
898 1713 1024 1790 desunt,
1057 1711 1223 1778 habebitis.

97 1821 213 1884 ceteros
236 1819 335 1884 claros
356 1818 450 1898 uiros,
475 1835 550 1900 quos
565 1819 692 1884 tantum
708 1815 749 1883 ad
763 1834 815 1881 me
830 1815 934 1899 opinio
949 1817 1075 1902 detulit,
1097 1815 1223 1885 silentio

96 1919 250 2004 relinquo:
280 1940 335 2004 per
360 1921 431 2002 hos,
460 1922 486 1986 si
508 1919 596 1986 uobis
619 1919 683 1986 iam
704 1919 790 1986 cordi
811 1923 860 1984 est
880 1921 1063 1998 maturitas,
1092 1924 1146 1987 ant
1167 1941 1223 2004 per

66 2043 88 2084 a
100 2043 159 2104 eos,
183 2041 260 2106 quos
281 2043 352 2092 snm
373 2023 541 2110 praefatus,
565 2024 737 2108 agnoscite:
761 2023 938 2093 manifestis
960 2023 1043 2089 enirn
1064 2024 1154 2108 patet
1175 2022 1223 2090 in·

96 2127 186 2192 <liciis
202 2127 320 2194 amicus
333 2129 483 2194 bonorum
505 2145 561 2194 uec
578 2129 610 2193 in
631 2129 729 2194 nitere
750 2143 851 2192 mores
867 2128 1033 2212 qnisquam
1047 2127 1222 2211 hominnm,

96 2230 155 2296 nisi
191 2248 265 2313 quos
292 2230 325 2295 in
353 2249 387 2294 se
415 2230 579 2308 formauit,
614 2230 826 2316 amplectitur.
860 2229 981 2296 iamsi
1010 2233 1223 2296 matronarum

96 2333 230 2398 delectat
252 2334 359 2406 aditio,
384 2333 506 2399 habetis
530 2335 677 2399 domnam
701 2334 883 2411 Barbarum,
906 2334 1039 2398 Romani
1063 2333 1119 2401 flos
1139 2335 1223 2418 genii

96 2455 171 2520 quae
201 2437 381 2503 testimonio
412 2437 517 2502 uultus
539 2437 707 2520 patefaciat
730 2436 833 2502 lucem
854 2438 1015 2520 sanguinis
1038 2441 1070 2502 et
1092 2438 1221 2522 saporis,

66 2542 125 2604 ain
161 2557 224 2624 qna
259 2541 427 2606 inuenietis
460 2546 492 2606 et
525 2539 734 2606 uerecundam
771 2539 972 2607 securitatem
1006 2546 1037 2606 et
1070 2541 1107 2606 de
1143 2542 1221 2607 bono

97 2643 228 2710 aenean
251 2643 456 2710 confidentem
478 2643 708 2723 uerecundiam,
733 2662 909 2709 sermonem
931 2643 1069 2709 naturali
1091 2648 1123 2708 et
1145 2644 1221 2709 arti·

96 2743 143 2810 fici
172 2746 374 2829 simplicitate
403 2747 578 2832 conditum,
614 2753 650 2812 ut
678 2765 736 2813 nec
766 2745 852 2830 lepos
880 2747 1064 2813 denenustet
1092 2747 1222 2830 alloquii

95 2867 149 2914 nec
178 2849 264 2915 duris
292 2849 439 2932 splendor
466 2850 653 2916 feminarum
681 2849 815 2934 rigescat
842 2849 1006 2928 affatibus,
1035 2851 1069 2916 iu
1092 2869 1154 2934 qua
1174 2851 1221 2917 sic

95 2951 127 3015 iu
148 2957 293 3018 naturam
324 2956 449 3020 transiit
477 2953 648 3019 honestatis
677 2953 861 3036 diligentia,
898 2956 934 3019 ut
962 2954 991 3020 si
1020 2955 1073 3019 uel
1095 2955 1222 3021 mentiri

65 3056 188 3132 arnolt,
216 3072 280 3122 uon
305 3056 404 3139 possit
432 3055 568 3124 horrore.
606 3063 696 3122 sonat
725 3057 871 3141 pudicam
892 3057 1002 3141 lingua
1024 3058 1221 3125 dulcedinem

96 3173 150 3222 noc
172 3159 289 3224 mentia
315 3158 463 3224 nubilam
491 3160 574 3224 tecto
602 3161 703 3227 sereni
729 3160 880 3228 sermonis
909 3160 1063 3243 operitur:
1094 3161 1152 3227 hoc
1173 3165 1221 3229 est

96 3261 227 3352 pectoris
250 3263 331 3344 quod
353 3263 505 3344 loquelae.
534 3261 590 3328 det
610 3263 736 3328 ueniam
759 3262 946 3330 feminarum
969 3264 1112 3330 diadema
1132 3282 1220 3348 prae-

96 3365 242 3442 sumenti,
264 3364 345 3448 quod
368 3366 434 3431 eins
450 3367 574 3433 inuideo
591 3366 707 3452 quieti:
731 3368 828 3433 uelim
844 3367 933 3434 illam
948 3367 1091 3436 omnibns
1107 3369 1219 3434 Italiae

142 3577 362 3646 apropinnsB
464 3579 666 3649 toyteguaB
769 3549 878 3666 οιῗῃΒ
980 3543 1151 3651 iperiLeB

95 3675 197 3733 boemus
216 3679 244 3733 Β
327 3679 459 3749 patricias
476 3681 503 3734 Β
520 3697 540 3735 a.
554 3683 573 3740 1.
658 3681 820 3739 lidesceuoli
840 3685 867 3739 Τ
950 3699 1034 3739 anuos
1052 3683 1080 3738 Β
1097 3683 1149 3739 al.

95 3764 262 3831 periciam‘B
362 3766 396 3820 12
412 3767 586 3835 praedixistca
606 3764 633 3822 Β
732 3771 854 3825 annuetis
871 3769 900 3824 Β
963 3793 966 3803 ·
999 3770 1032 3824 ut
1048 3769 1097 3824 laos
1113 3767 1221 3840 mopsi,

95 3865 141 3904 nos
158 3851 215 3906 BL
227 3855 255 3918 (n
266 3852 299 3906 iao
311 3857 377 3918 ras.)
397 3852 471 3908 TVo
560 3853 593 3910 15
611 3855 738 3923 mauolt
755 3855 793 3910 Β·
879 3857 952 3926 petit
969 3857 1008 3911 Β1
1097 3856 1131 3912 16
1147 3857 1220 3930 quir-

95 3951 145 4005 qna
162 3937 189 3992 L
282 3939 314 3993 17
328 3938 489 3994 informanit
500 3944 539 4004 (aa
552 3944 613 4007 om.)
628 3941 656 3995 Β
749 3943 782 3997 18
802 3942 861 4013 flos]
874 3947 889 3996 c
900 3941 967 3997 odd.
983 3943 1009 3998 Τ
1023 3957 1044 3997 a.
1057 3943 1074 3998 1.
1086 3947 1153 3998 Μ

97 4041 126 4095 19
142 4042 188 4112 qni
209 4042 243 4110 Ti
270 4058 338 4112 qnae
355 4043 386 4098 Β
404 4045 423 4098 l.
442 4043 518 4114 genii
533 4043 599 4111 sort.
703 4046 737 4100 ΒΟ
754 4047 903 4101 inuenietcs
921 4047 949 4100 Β
1051 4037 1108 4100 bo'”
1124 4047 1152 4103 L

94 4142 126 4198 22
142 4136 186 4201 ne‘
203 4145 230 4200 Β
315 4147 391 4218 lepus
408 4149 435 4203 Β
525 4148 561 4203 24
577 4150 692 4205 transiet
710 4150 738 4204 Β
825 4151 974 4207 mentiuim
992 4149 1019 4204 Β
1110 4151 1145 4207 25
1161 4152 1219 4207 uel·

95 4229 126 4284 lit
143 4231 172 4286 Β
267 4233 374 4289 horrore
391 4236 498 4304 coripaa',
526 4251 640 4292 errorem
658 4236 723 4292 latri
821 4237 856 4292 26
867 4235 988 4292 nubilum
1000 4238 1029 4292 B
1127 4239 1162 4294 27
1179 4240 1219 4295 lo·

93 4319 166 4385 qnele
182 4319 210 4373 Β
312 4321 346 4376 28
364 4321 456 4376 uellim
474 4322 502 4377 Β
