2934 4934
234 420 373 469 XXXXVI

234 589 352 655 indicia
373 605 465 653 norae
487 585 667 669 scripturae,
692 601 772 665 quae
794 583 821 649 B
842 581 980 666 praebet,
1002 582 1089 664 sequi
1111 579 1219 646 malni.
1252 597 1307 661 per
1328 599 1363 645 se

234 696 403 775 utrumque
431 687 593 774 probabile
616 689 672 753 est.
695 723 738 735 -·
760 686 833 764 242,
857 687 878 752 9
900 685 990 750 uisus
1012 685 1133 769 (uisum
1156 682 1256 764 codd.)
1281 681 1363 746 mibi

233 799 277 858 ast
301 814 368 859 mou
397 811 459 859 esso
488 793 526 857 iu
554 789 718 856 domiuum
746 807 878 856 uumem
907 786 1136 864 conputaudus.
1160 822 1202 834 -
1224 785 1296 860 252,
1320 787 1361 851 21

232 897 350 980 diquus
371 900 528 979 repraeter,
552 894 644 978 diqui
668 893 798 978 (diquus
812 890 914 973 codd.)
937 891 975 954 iu
996 909 1130 972 quorum
1150 892 1252 955 aetate
1273 893 1363 952 uoto·

232 1019 306 1064 rum
326 1019 451 1064 summa
474 999 644 1083 coutiqerit.
679 1015 753 1062 nam
775 996 901 1078 utrique
922 997 954 1059 ot
975 1012 1028 1059 rex
1051 998 1083 1060 et
1105 995 1135 1060 ei
1157 993 1210 1078 qui
1232 1011 1303 1058 cum
1325 1011 1363 1060 eo

233 1104 377 1170 ecclesiae
400 1103 517 1168 unitati
545 1102 731 1168 studuerant
754 1100 931 1166 laudantur.
957 1135 994 1148 -
1020 1098 1093 1178 256,
1118 1097 1136 1161 7
1158 1098 1212 1162 sed
1234 1101 1363 1162 mutum

235 1209 341 1289 (tauta
363 1207 464 1289 codd.)
489 1225 538 1270 uae
559 1205 667 1270 domui
681 1203 803 1269 Auiemi
820 1201 960 1285 perculit
975 1220 1039 1283 pro
1058 1201 1127 1266 eius
1141 1201 1273 1266 muare
1294 1200 1362 1266 dis·

231 1311 336 1389 cessio,
358 1315 395 1374 ut
417 1309 559 1375 lacrum's
577 1328 781 1390 prosequerer
801 1311 831 1370 er
853 1306 896 1371 ad
917 1309 1027 1388 optata
1047 1305 1231 1370 tendentem
1265 1305 1364 1370 uerba

231 1413 315 1479 enim
337 1417 430 1478 tauta
452 1413 597 1478 discessio
619 1411 766 1494 coniungi
789 1413 962 1495 nequeunt3
985 1413 1113 1474 tautum
1126 1427 1201 1474 uero
1216 1425 1271 1491 pro
1293 1413 1364 1472 tam

232 1517 329 1584 altero
351 1518 416 1584 loco
438 1517 524 1600 (334,
540 1518 573 1601 2)
598 1520 722 1580 tautum
744 1515 859 1580 enituit
880 1519 916 1578 ut
937 1512 1146 1579 confirmatur.
1164 1549 1203 1560 -
1220 1512 1293 1588 262,
1318 1512 1362 1576 10

229 1621 332 1698 dicite,
355 1623 385 1685 si
406 1639 472 1686 uou
493 1621 599 1704 opifici
621 1639 681 1684 sua
707 1621 774 1701 (suo
796 1619 897 1701 codd.)
922 1617 1037 1712 linqua
1063 1615 1217 1682 blandiar
1242 1618 1299 1698 (sio
1319 1617 1361 1701 B,

231 1723 397 1788 blanditur
425 1723 485 1788 LT
498 1724 546 1806 V).
580 1741 641 1788 saco
670 1721 825 1806 linquai.
850 1721 1009 1805 elingua
1042 1739 1135 1805 qnam
1164 1723 1240 1788 deus
1271 1722 1361 1789 iecit.

232 1827 332 1909 possis
354 1829 450 1893 etiam
472 1827 608 1894 scribere
622 1843 680 1891 suo
703 1826 816 1909 iiuqua
837 1823 1069 1912 blaudi<a>tur.
1084 1862 1125 1872 -
1141 1825 1214 1903 263,
1237 1827 1276 1890 21
1300 1827 1361 1892 ad·

230 1949 340 1996 uersus
368 1935 397 1996 te
424 1950 478 1995 uec
506 1930 691 2011 carupestris
720 1928 876 1994 habitatio
901 1947 1000 2011 pares
1029 1928 1164 2008 protulit
1195 1949 1251 1994 mec
1283 1948 1363 2011 quos

230 2033 379 2114 amplexa
400 2038 474 2099 suut
496 2033 600 2118 iuuia,
623 2033 689 2098 misi
704 2033 873 2098 eatituuul
893 2033 1058 2114 supplices,
1082 2053 1104 2096 a
1118 2031 1363 2114 depraedatione

229 2137 446 2202 subducerem
464 2136 626 2220 (subduxit
641 2136 753 2219 codd).
777 2137 844 2202 loce
857 2139 971 2202 natura
993 2138 1115 2201 munita
1133 2137 1252 2219 (maia)
1275 2137 1362 2204 obsi·

229 2241 346 2306 etentes
369 2242 477 2306 contra
492 2241 671 2307 Theoderici
693 2241 847 2323 impetum
861 2240 961 2305 tutari
982 2241 1164 2323 nequibant.
1194 2241 1228 2306 in
1249 2241 1361 2308 arche·

228 2347 302 2428 typo
331 2345 454 2410 subduir
484 2345 613 2410 exstitit.
640 2381 676 2392 -
701 2345 775 2422 266,
798 2347 819 2411 9
840 2345 918 2426 quid
939 2343 1029 2423 mibi,
1059 2349 1208 2424 adustas,
1238 2345 1362 2412 obicias

228 2448 360 2530 aprestis
382 2449 521 2513 membra
538 2448 780 2530 paludamentis
800 2448 956 2527 decorata
980 2448 1034 2514 ubi
1058 2453 1185 2532 propter
1201 2449 1362 2532 pluralem

223 2550 465 2632 paludamentis
502 2550 630 2617 alterius
667 2553 752 2617 uocis
787 2553 941 2634 pluralem
977 2551 1151 2636 aqrestibus
1187 2551 1362 2620 desiderari

228 2653 386 2736 putabam,
410 2660 445 2720 ut
467 2658 603 2740 agrestes
619 2655 802 2721 candidatos
816 2656 1039 2738 paludamenta
1053 2660 1212 2723 decorasse
1228 2657 1359 2722 diceret.

229 2755 323 2822 editio
346 2757 489 2824 Parisina
517 2758 610 2824 buius
640 2757 819 2842 panegyrici
841 2760 980 2842 aprestia
1008 2759 1146 2826 dederat.
1179 2761 1233 2827 sed
1256 2761 1290 2824 in
1311 2762 1361 2827 eis

202 2879 203 2882 ¹
228 2875 306 2940 quae
339 2862 528 2943 praecedunt
555 2865 591 2928 de
625 2879 686 2927 uuo
717 2859 846 2928 Serrano
880 2880 982 2928 sermo
1016 2865 1066 2928 est
1098 2882 1197 2946 neque
1229 2863 1292 2928 iam
1324 2866 1362 2930 in

226 2963 340 3046 plurali
364 2965 491 3032 offendo.
507 3003 552 3015 -
566 2965 638 3044 271,
662 2965 706 3031 20
725 2970 850 3048 repente
863 2985 1003 3048 aequora
1015 2966 1181 3051 fuqacium
1195 2966 1362 3032 discursus

225 3067 372 3134 obnubit.
386 3119 393 3134 .
407 3089 439 3134 .:
460 3069 580 3134 interea
602 3071 686 3134 acies
707 3077 780 3134 tuae
804 3072 874 3151 (tua
888 3070 922 3151 b)
947 3075 1073 3152 amedu
1093 3075 1363 3136 consummarunt

229 3171 436 3252 (cousumarit
458 3172 528 3252 BV,
552 3173 781 3237 consummarit
801 3174 836 3251 L,
860 3177 1078 3237 cousuomoamt
1098 3175 1135 3253 Τ,
1157 3176 1364 3240 consummat

227 3273 259 3355 b)
279 3275 408 3355 proelia
423 3291 487 3339 mou
503 3273 615 3340 laboro.
639 3293 751 3356 nempe
765 3275 800 3339 in
813 3275 981 3360 archetypo
997 3280 1197 3341 mammaea?
1216 3278 1268 3342 nel
1283 3296 1363 3343 cou-

225 3379 379 3458 summai't
408 3393 558 3476 scriptum
588 3399 663 3477 arat,
692 3400 728 3459 ut
758 3395 830 3472 274,
853 3395 874 3459 9
901 3396 934 3460 in
963 3398 989 3462 'l
1018 3384 1213 3479 aequisiuer't
1240 3401 1359 3478 exstat,

225 3498 307 3562 unde
340 3498 444 3563 uariae
478 3498 595 3563 formae
629 3499 720 3564 facile
755 3498 958 3582 explicantur.
997 3501 1077 3584 quod
1108 3520 1182 3566 uero
1211 3501 1244 3566 iu
1269 3503 1360 3571 uotis

224 3601 370 3682 proposui
399 3606 668 3680 cousummmeut,
700 3620 771 3668 cnm
800 3605 923 3669 iuterea
945 3623 1000 3688 pro
1022 3604 1114 3688 dum,
1144 3606 1183 3670 ut
1202 3623 1276 3669 mcx
1296 3625 1361 3691 pro

223 3702 422 3784 simulatque,
445 3703 482 3768 de
504 3722 564 3788 quo
579 3723 638 3770 usu
654 3706 685 3771 in
705 3706 751 3772 St.
767 3705 805 3772 V.
822 3707 855 3772 ΙΙ
870 3707 932 3772 247
956 3710 1015 3791 egi,
1039 3709 1159 3774 dictum
1181 3725 1246 3774 ossa
1268 3714 1360 3777 certo

224 3805 363 3890 exemplo
400 3807 523 3891 probari
560 3811 709 3892 nequeat,
745 3809 810 3877 iam
845 3830 907 3878 nou
944 3811 1118 3878 defendam.
1144 3851 1182 3864 -
1205 3811 1280 3892 359,
1312 3813 1360 3880 18

222 3909 338 3991 siqua
366 3911 532 3976 uecessilm
561 3911 645 3976 iuter
672 3911 779 3978 uudas
807 3913 1016 3979 eertmuiuum
1037 3915 1212 3993 amesserit,
1249 3919 1361 3982 tutum

223 4015 267 4076 esc
303 4013 391 4095 opud
428 4013 523 4079 idum
559 4019 674 4080 matres
710 4019 855 4100 (matrem
887 4015 990 4102 codd)
1021 4017 1226 4100 familiasque
1258 4018 1360 4100 depo-

222 4135 295 4181 uere
330 4122 359 4182 et
394 4119 571 4201 expeditum
612 4119 793 4184 occursibus
833 4120 973 4185 militare
1009 4121 1169 4187 bellorum.
1219 4122 1360 4206 pluralis

223 4237 371 4286 uumerus
400 4221 588 4287 necessarius
618 4224 666 4286 est
692 4227 785 4304 atquo
814 4224 955 4305 proxima
982 4241 1056 4290 uoce
1083 4223 1232 4305 familias
1258 4224 1360 4310 flagi-

222 4322 318 4403 tatur,
349 4325 416 4391 siue
443 4324 649 4407 familiasque
678 4327 803 4391 tenetur
833 4329 899 4392 aino
929 4328 1011 4410 quod
1033 4329 1065 4393 in
1088 4328 1171 4393 notis
1201 4332 1361 4412 proposui
