2934 4934
448 396 685 465 Epistularum
701 394 791 449 liber
808 395 830 451 L
1154 394 1198 463 21

86 585 274 669 occupationi
301 585 470 651 subducere
496 584 593 667 potui,
623 584 703 650 color
737 584 857 667 scripsi.
896 584 982 651 dabit
1008 586 1092 663 deus,
1114 588 1150 649 ut
1172 584 1200 650 si

86 706 230 773 responsa
252 690 419 768 desideras,
442 706 575 753 uacuum
598 688 680 753 curis
702 686 819 770 pulsati
841 688 949 771 pectus
970 686 1120 752 inuenies.

600 896 685 962 XVI.

443 1048 625 1104 FLORIANO
647 1048 838 1105 ENNODIVS.

62 1200 73 1238 s
118 1172 207 1239 illud
229 1171 408 1239 fraternitas
431 1174 487 1238 tus
514 1174 611 1238 amori
639 1189 707 1237 meo
736 1174 887 1255 potuisset
909 1172 1088 1255 inpendere,
1118 1174 1198 1255 quod

79 1294 151 1341 uera
172 1275 368 1343 liberalitate
390 1294 463 1341 cum
484 1275 651 1343 tribuentis
667 1276 833 1359 conpendio
848 1274 1009 1358 proficeret
1032 1276 1062 1341 et
1076 1275 1201 1359 pudori,

78 1380 168 1445 inea
190 1378 313 1445 scilicet
334 1381 439 1462 parte,
473 1380 509 1443 ut
537 1398 607 1443 cum
635 1378 752 1444 indices
781 1378 879 1444 studii
906 1376 969 1443 mei
990 1377 1113 1444 litteras
1136 1380 1198 1443 iam

77 1486 211 1561 teneres,
233 1481 272 1547 sb
289 1480 464 1564 scriptionis
479 1484 511 1547 to
526 1499 598 1546 cura
612 1480 820 1562 suspenderes.
838 1482 1037 1565 quisquamne
1051 1480 1197 1547 coloratis

76 1584 213 1651 frontem
235 1584 337 1668 pingit
359 1584 526 1649 inlecebris
547 1586 580 1649 et
601 1582 716 1649 famam
740 1583 846 1649 ualida
866 1583 1087 1667 inpugnatione
1109 1582 1198 1648 labe·

50 1686 174 1753 reluctat
210 1705 268 1753 nec
299 1686 469 1753 manifeste
501 1688 694 1751 excusatione
729 1687 906 1765 contentus,
941 1686 1020 1750 male
1055 1685 1196 1751 credulae

76 1789 283 1857 conscientiae
303 1789 445 1855 sufficere
467 1808 528 1855 non
550 1791 697 1855 aestimat
723 1790 804 1872 quod
833 1789 999 1872 probauit?
1036 1789 1196 1870 quinario

20 1963 21 1974 ,
75 1911 183 1976 sapore
213 1892 369 1975 conloquii
391 1892 533 1958 edacium
554 1892 724 1958 amicorum
759 1891 863 1956 fauces
896 1891 1019 1970 inritat,
1053 1893 1089 1955 ut
1122 1890 1197 1955 dum

75 1996 191 2061 blanda
216 1996 339 2076 subicit,
366 1995 493 2061 definite
506 1999 673 2077 permutet.
696 2012 769 2060 nam
791 1994 954 2077 postquem
970 2011 1019 2059 me
1034 1993 1196 2059 silentium

74 2117 180 2164 amare
202 2100 429 2180 rescripseram,
453 2100 542 2180 quasi
569 2116 625 2183 pro
640 2097 839 2181 allegationis
854 2114 999 2179 responso
1015 2096 1196 2179 prolixiores

45 2204 205 2284 repaginas
228 2202 385 2283 inpetraui
401 2203 433 2265 et
448 2202 501 2265 diu
515 2201 595 2266 forte
610 2200 781 2283 repositum
796 2204 866 2283 post
882 2200 1077 2285 negationem
1092 2218 1192 2264 meum

20 2331 21 2342 2
72 2304 189 2388 eloquii
216 2304 296 2369 uber
325 2303 425 2368 elicui.
464 2304 536 2386 quid
565 2304 689 2379 faceres,
715 2306 744 2369 si
771 2306 941 2368 certamina
970 2303 1191 2385 promisissem,

19 2403 20 2462 1
72 2408 96 2471 si
117 2406 300 2472 studiorum
321 2408 446 2472 tuorum
469 2406 624 2472 feruorem
646 2424 836 2490 quocumque
860 2406 951 2470 dente
973 2406 1114 2471 incautus
1137 2406 1192 2470 ad·

71 2512 230 2595 tingerem
246 2528 304 2573 nec
318 2510 382 2575 mei
397 2509 524 2574 idoneus
541 2510 732 2575 existimator
747 2508 916 2592 penetralis
931 2508 1000 2573 tnta
1014 2511 1195 2572 seruareml

71 2612 216 2678 adbibita
238 2612 327 2676 credo
352 2612 501 2677 aduersus
523 2632 573 2677 me
602 2612 713 2678 fuisset
735 2612 872 2677 Tulliani
901 2612 1095 2692 profunditas
1116 2630 1192 2694 gur·

43 2737 63 2771 o
70 2718 153 2799 gitis,
178 2714 283 2798 Crispi
304 2713 486 2799 proprietas,
508 2714 658 2782 Varronis
681 2716 844 2799 elegantia,
880 2715 989 2781 necin
1020 2715 1084 2779 ulla
1106 2715 1194 2779 inne·

71 2819 189 2883 nisscm
211 2818 300 2899 parte
322 2816 506 2903 subsidium,
533 2818 583 2884 cui
606 2836 664 2884 neo
684 2818 764 2884 illud
787 2818 911 2901 profuit,
935 2816 1015 2899 quod
1037 2816 1191 2882 scribendi

71 2921 306 2999 contentiones,
335 2940 392 2987 nec
420 2941 491 2987 cum
518 2922 679 2987 reticerem
707 2921 883 2999 lacessitus,
912 2917 1014 3003 ellirgi.
1052 2938 1102 2983 me
1130 2918 1189 2983 etsi

69 3024 200 3106 peritius
235 3024 422 3090 conscicntia
454 3026 485 3090 et
511 3024 632 3090 dicendi
654 3024 744 3108 nigor
766 3024 946 3105 adtolleret,
974 3026 1044 3104 post
1067 3022 1188 3088 diuersa

69 3126 266 3193 scribentum
288 3126 465 3194 discrimine
487 3126 621 3208 leudem,
646 3146 739 3210 quem
754 3129 853 3193 multo
869 3126 979 3192 sudore
993 3144 1048 3191 uos
1071 3126 1188 3207 petitis,

116 3414 327 3482 roccupationo
345 3414 372 3467 L
465 3415 555 3483 potui·
574 3416 600 3470 Τ
691 3414 788 3470 scribsi
807 3416 834 3470 Β
931 3415 1112 3470 idcsidersss
1130 3414 1158 3467 Β

115 3532 191 3588 xvi
227 3534 244 3587 6
270 3549 329 3587 cum
351 3533 497 3589 tribuentis
521 3534 616 3600 BLV,
642 3536 837 3591 contribnsutis
860 3536 933 3591 Pro
1035 3534 1192 3605 compendio

67 3618 154 3673 ΜΨ
261 3618 277 3669 'l
304 3618 409 3674 indeoss
435 3621 477 3686 B,
504 3620 605 3675 iudices
631 3621 678 3676 Pb
785 3622 802 3676 8
828 3622 949 3676 tenebras
976 3620 1010 3675 ab
1036 3620 1192 3676 scribtiouis

66 3704 92 3757 B
199 3704 372 3774 suspenderas
390 3706 450 3773 Pb,
477 3706 644 3777 suspendaris
661 3706 774 3762 BLTV
874 3708 1014 3777 quisquam
1030 3708 1124 3762 necT

65 3792 81 3841 9
97 3790 235 3846 illecebris
254 3791 280 3844 T
294 3793 318 3845 is
334 3793 368 3845 iss
385 3807 440 3846 rus.
552 3793 587 3847 10
603 3793 690 3848 malae
706 3792 791 3849 BLT
901 3794 933 3848 14
949 3792 1134 3849 rescribsoram
1151 3790 1186 3855 Β,

65 3877 226 3945 scripseram
244 3876 298 3931 Pu
389 3876 555 3947 alligationis
572 3879 601 3933 Β
702 3879 735 3933 15
754 3881 896 3949 impetrani
913 3878 997 3935 nTV
1097 3879 1187 3933 iliae

65 3960 149 4030 loqaii
174 3963 202 4016 B
312 3962 406 4017 laceris
429 3961 456 4016 Β
576 3963 608 4018 17
634 3964 772 4018 incaestus
799 3963 827 4018 Β
949 3964 1109 4031 attingerem
1137 3962 1194 4016 LP

66 4064 120 4119 TV
232 4065 265 4119 18
291 4067 459 4121 erestimator
482 4066 545 4134 LV,
571 4068 727 4122 sestimator
753 4066 782 4121 Β
891 4066 926 4121 20
952 4068 1031 4137 crispi
1049 4064 1111 4129 Bb,
1138 4064 1190 4119 cri·

62 4148 132 4219 sippi
145 4149 261 4205 LPTV
349 4153 499 4221 proprietas
510 4153 537 4208 L
632 4153 754 4207 uarronis
766 4152 885 4207 13an
889 4152 918 4219 V,
936 4154 1052 4206 maronis
1065 4150 1120 4205 Po

62 4234 196 4304 eligantia
213 4234 241 4289 Β
336 4234 369 4289 21
388 4235 453 4290 illut
471 4236 499 4291 Β
514 4238 563 4292 st
662 4237 697 4291 23
714 4237 852 4292 attolleret
869 4236 979 4292 LPTV
1070 4236 1105 4291 24
1122 4235 1189 4289 scri·

62 4318 185 4375 bentium
202 4320 270 4376 Pru
373 4321 483 4389 petistis
505 4324 531 4376 T
