2934 4934
429 1132 625 1217 LIBER
658 1129 940 1219 OCTAVVS.

671 1356 699 1423 Ι.

513 1508 644 1566 noculo
660 1506 856 1567 eunomus

165 1630 311 1715 Optimae
341 1630 408 1715 spei
440 1631 548 1718 plenus
576 1634 627 1698 cui
661 1632 801 1699 faustum
835 1633 926 1715 cupio
954 1632 994 1699 ed
1016 1649 1122 1698 curam
1151 1633 1247 1700 oflicii

119 1735 303 1818 epistularis
317 1735 452 1819 adspiro.
484 1735 573 1801 decet
595 1736 679 1800 enim
693 1734 808 1800 uestris
825 1734 964 1799 fascibus
979 1734 1039 1801 hac
1053 1735 1247 1819 praefatione

97 1836 255 1903 edeliberi
283 1841 316 1902 et
343 1839 425 1902 inter
450 1857 606 1922 purpuras
632 1840 817 1923 possessoris
845 1838 913 1903 luce
942 1844 1115 1905 crescentes
1145 1840 1248 1923 quali·

118 1959 255 2023 cumque
287 1960 349 2006 non
381 1940 540 2008 abstinere
573 1940 745 2023 conloquio.
783 1942 933 2025 numquid
965 1940 1060 2007 solius
1089 1944 1246 2009 doctrinae

117 2043 282 2109 beneficiis
306 2062 392 2109 amor
414 2046 591 2129 agnoscitur
605 2063 663 2110 nec
684 2043 733 2110 fes
757 2062 822 2109 esse
845 2045 1033 2110 credendum
1056 2050 1103 2110 est
1123 2046 1247 2130 prodire

117 2150 153 2212 in
177 2148 317 2212 medium
339 2147 490 2215 desideria
517 2146 722 2213 rusticantis?
754 2146 926 2231 simplicius
954 2149 1151 2214 innotescunt
1174 2152 1249 2215 uota

118 2251 209 2316 nullo
232 2251 363 2334 peritiae
384 2251 490 2317 uelata
511 2250 689 2335 praestigio.
714 2268 787 2334 ergo
809 2269 865 2316 nos
882 2251 940 2315 hoc
960 2270 1067 2317 sumus
1090 2271 1141 2318 ore
1163 2252 1245 2336 quod

83 2373 110 2413 ιο
118 2357 264 2437 pectore:
285 2373 346 2419 non
367 2373 473 2419 amare
494 2355 740 2438 praecordiorum
760 2354 927 2420 delenificis
942 2373 1104 2438 possumus
1126 2359 1248 2421 mutare

119 2456 334 2523 sermonibus:
355 2461 473 2542 pudens
494 2456 637 2523 laudator
666 2459 713 2522 est
736 2456 784 2523 cui
809 2460 840 2523 in
863 2456 1097 2524 concinnatione
1125 2459 1247 2524 blendi-

119 2561 221 2627 menti
249 2559 381 2625 dicenda
406 2579 495 2626 mene
524 2563 672 2644 suggerit.
709 2561 766 2625 deo
794 2578 866 2644 ergo
889 2560 1096 2642 omnipotenti
1116 2563 1245 2645 gratias,

119 2665 175 2746 qui
198 2663 232 2727 in
256 2662 351 2742 uobis,
375 2663 449 2728 dnm
472 2664 578 2727 uetere
601 2662 738 2728 familiae
761 2663 883 2729 uestrae
904 2665 985 2730 bone
1000 2665 1145 2742 custodit,
1167 2682 1247 2731 noua

119 2765 315 2849 multiplicet
330 2768 371 2844 et,
390 2765 472 2849 quod
493 2768 565 2850 plus
581 2768 630 2831 est
644 2766 731 2847 apice
754 2765 929 2851 dignitatis,
953 2765 1062 2849 dignos
1087 2766 1161 2831 lecit
1183 2786 1248 2831 esse

85 2868 321 2935 mculminibue.
358 2868 499 2934 redditur
527 2868 652 2950 quidem
681 2869 805 2933 uestrae
828 2868 926 2953 gloria
948 2868 1011 2935 ista
1032 2870 1159 2951 origini,
1181 2870 1245 2948 sed,

120 2974 205 3055 quod
228 2973 277 3037 est
299 2971 431 3051 clarius,
454 2972 566 3037 merito
589 2973 766 3054 inpetrente
795 2991 951 3055 personae,
990 2972 1140 3037 fueritin
1162 2990 1248 3037 more
1357 3056 1359 3061 Ι

119 3075 281 3141 ueteribus
304 3074 461 3139 curulium
483 3075 700 3139 celsitudinem
723 3075 826 3160 campi
847 3075 957 3139 sudore
979 3074 1110 3140 mercari
1126 3077 1158 3139 et
1173 3092 1248 3139 con·

119 3180 245 3261 temptu
274 3177 354 3242 lucis
381 3176 535 3242 honorum
555 3176 619 3242 solo
641 3177 779 3261 fulgere:
810 3176 864 3243 sed
885 3178 973 3243 aliud
994 3197 1093 3261 genus
1115 3176 1243 3244 uirtutis

121 3281 299 3364 quaeritur,
336 3286 502 3364 postquam
539 3280 712 3362 praemium
749 3280 834 3347 fecte
868 3279 916 3345 est
948 3280 1047 3347 Roma
1078 3282 1244 3347 uictorum.

85 3389 228 3449 aenostm
265 3382 448 3448 candidatus
484 3385 554 3466 post
591 3383 792 3451 manifestam
825 3383 1068 3449 decertationem
1102 3383 1246 3449 debitum

121 3486 327 3571 triumphum,
361 3487 436 3553 dum
469 3504 640 3567 numquam
673 3486 789 3552 uiderit
820 3486 920 3565 bella,
956 3487 1094 3552 sortitur.
1133 3487 1247 3551 iudicio

122 3592 218 3675 exigit
239 3592 361 3655 laureas
384 3592 416 3655 et
430 3590 575 3674 congredi
590 3607 651 3654 non
667 3590 879 3654 necessarium
895 3589 982 3654 duxit
997 3589 1137 3657 armatis.
1164 3590 1247 3654 inter

171 3846 195 3901 1.
225 3846 367 3901 eiacum
385 3845 471 3900 cnr
570 3818 651 3930 dupio
668 3847 696 3900 n
795 3848 824 3901 e
842 3844 876 3901 eu
893 3846 921 3901 n
1016 3845 1118 3899 ruere
1135 3845 1180 3899 nc

122 3950 283 4003 idelibeari
302 3948 579 4017 (scelerarem,
682 3964 812 4019 purpores
830 3947 867 4002 Βι
966 3946 1139 4016 possessionis
1157 3946 1183 4001 Τ

123 4035 263 4089 crescentis
281 4034 325 4088 Bb
422 4034 456 4088 10
474 4034 535 4104 non]
553 4049 601 4088 nec
617 4034 700 4089 ΜΨ
792 4032 934 4088 delinificis
951 4032 996 4087 Bt
1094 4032 1124 4088 ll
1144 4034 1250 4086 concin-

122 4122 231 4175 mtione
257 4121 287 4175 B
313 4123 359 4187 (aa.
386 4124 451 4185 rec)
477 4121 507 4184 t,
546 4122 734 4175 condonatione
758 4120 799 4189 B,
841 4118 1076 4188 condempnatione
1102 4118 1183 4173 ΜΨ

123 4207 155 4260 12
172 4207 278 4276 amerit
294 4206 335 4260 Β1
432 4206 538 4275 gratias
555 4208 734 4275 omnipotenti
752 4204 836 4261 ΜΨ
934 4206 966 4261 16
983 4220 1083 4259 morem
1100 4205 1183 4263 ΜΨ

125 4293 157 4345 18
173 4292 238 4361 solo]
257 4292 316 4345 luce
334 4290 419 4346 Siras
522 4291 556 4345 22
572 4291 661 4361 exiget
677 4292 719 4359 133
746 4291 835 4360 eregit
850 4290 917 4357 fort.
