2934 4934
259 366 301 429 46
618 358 731 428 Magni
749 356 876 411 Felicis
895 354 1025 410 Ennodi

260 554 379 619 tionem
414 566 518 627 meae,
556 545 798 613 circumcisionis
832 547 986 611 secretum
1020 548 1052 609 et
1086 562 1162 626 quae
1195 543 1378 627 propheticis

260 654 418 739 mysteriis
451 653 662 719 includuntur.
700 651 764 715 iata
786 667 864 733 quae
886 650 959 713 sunt
992 646 1198 713 saecularium
1226 646 1379 713 schemata

260 757 455 839 respuantur,
489 755 613 821 caducis
641 752 765 819 intenta
792 750 1052 835 persuasionibus,
1086 749 1166 817 telae
1189 750 1305 817 similia
1324 751 1380 817 Pe·

259 861 397 943 nelopae.

788 956 859 1023 VII.
1134 1012 1139 1023 .
1400 984 1411 1023 e

633 1074 818 1131 ENNODIVS
844 1075 1009 1132 FIRMINO.

303 1188 418 1270 Erigat
439 1186 513 1252 licet
535 1203 622 1249 amor
643 1182 724 1265 quod
746 1199 807 1247 non
828 1183 932 1263 potest
952 1183 1084 1264 implere
1107 1181 1257 1263 perfectio
1279 1186 1312 1247 et
1333 1183 1380 1247 in·

260 1294 364 1375 patret
384 1289 508 1366 caritas,
541 1290 578 1353 nt
599 1306 652 1369 per
675 1288 814 1371 loquelae
845 1285 1007 1353 audaciam
1029 1304 1107 1367 quae
1129 1304 1239 1351 ornare
1261 1288 1382 1369 poterat

260 1398 369 1478 pereat
390 1412 460 1476 spes
481 1392 614 1467 tacendi,
636 1393 770 1457 maxime
793 1410 865 1457 oum
880 1391 923 1455 eit
937 1390 1066 1469 dicendi,
1090 1391 1127 1453 ut
1140 1389 1262 1455 Tullius
1277 1390 1381 1467 refert,

260 1498 321 1563 nisi
355 1515 425 1562 cum
458 1494 629 1560 necessaria
660 1495 754 1559 nimis
781 1494 889 1575 inepta
922 1493 1076 1559 condicio:
1114 1496 1167 1559 sed
1200 1493 1283 1559 inter
1314 1511 1413 1558 nar-ro

261 1602 415 1665 rationum
440 1600 507 1663 uias
530 1599 563 1663 et
584 1598 697 1663 itinera
730 1598 897 1680 aperienda
925 1598 1003 1663 falce
1025 1596 1183 1663 doctrinae
1210 1596 1312 1661 teneri
1334 1616 1381 1661 ne-

260 1703 342 1771 scius
365 1703 481 1767 uirium
508 1700 755 1766 consideratione
782 1702 893 1787 regnat
914 1700 1066 1765 adfectus.
1112 1700 1298 1783 inperatoris
1320 1701 1383 1766 loco

261 1806 436 1872 dominatur
469 1804 567 1869 semel
593 1803 805 1886 penetralibus
838 1804 938 1868 cordis
971 1802 1066 1869 infixa
1088 1802 1221 1882 dilectio,
1256 1804 1383 1869 credens

261 1910 342 1993 quod
364 1927 425 1974 non
448 1912 485 1974 de
519 1907 684 1972 uerborum
717 1907 853 1989 pondere
881 1906 932 1971 uel
955 1925 1067 1989 pompa
1100 1908 1239 1991 capiatur
1271 1910 1326 1991 qui
1349 1908 1384 1971 de

261 2012 398 2077 absentie
431 2008 598 2095 propinqui
631 2012 677 2074 est
705 2011 806 2076 salute
839 2009 991 2075 sollicitus
1026 2029 1081 2075 nec
1114 2011 1272 2077 existimat
1306 2012 1413 2094 quoda

264 2115 350 2181 nasci
370 2114 470 2199 possit
493 2114 608 2178 offensa
631 2113 668 2177 de
690 2115 802 2195 gretia,
825 2113 882 2179 hoc
896 2112 935 2177 ad
950 2112 1105 2179 laetitiam
1128 2114 1204 2180 satie
1222 2134 1286 2179 esse
1313 2133 1385 2179 con·

262 2218 372 2297 iciens,
401 2218 427 2281 si
450 2222 591 2301 optatam
618 2217 744 2282 nuntiet
766 2218 899 2299 epistula
921 2218 1111 2300 sospitatem.
1146 2218 1199 2283 sed
1223 2237 1289 2297 noa,
1313 2235 1385 2301 quos

260 2321 342 2386 libra
364 2321 493 2403 peritiae
516 2322 547 2385 in
572 2319 686 2403 eloquii
706 2320 794 2384 lance
809 2321 959 2402 pensanit,
982 2321 1092 2399 quibus
1108 2320 1235 2386 ubertas
1249 2322 1384 2407 linguae,

262 2426 434 2507 castigatus
456 2441 567 2502 sermo,
599 2423 735 2490 Latiaris
766 2424 889 2501 ductus,
924 2424 1075 2507 quadrata
1098 2428 1221 2491 constat
1243 2424 1386 2503 elocutio,

262 2528 415 2611 qnaeritis
430 2528 579 2592 nimirum
594 2527 626 2589 in
643 2527 713 2591 aliis
729 2530 810 2609 quod
827 2528 982 2607 exercetis,
998 2528 1148 2611 quaeritis
1164 2528 1245 2611 quod
1260 2530 1385 2593 amatis.
1395 2548 1415 2585 a

260 2650 315 2696 nos
337 2632 378 2696 ab
399 2630 552 2697 scolarum
581 2630 751 2713 gymnasiis
779 2630 976 2715 sequestrati,
1010 2633 1124 2697 arentis
1146 2630 1263 2715 ingenii
1286 2630 1387 2714 guttis

264 2733 415 2815 quaedam
437 2735 543 2799 oceani
565 2733 683 2797 fluenta
703 2750 915 2816 prouocemus,
939 2735 1025 2816 quasi
1047 2734 1169 2817 lychnis
1186 2735 1296 2800 contra
1311 2734 1384 2799 solis

261 2838 361 2901 radios
382 2838 561 2921 pugnaturi.
585 2838 648 2902 mei
670 2837 785 2902 macies
807 2838 898 2919 longe
919 2856 951 2903 se
973 2838 1246 2905 monstratstndii
1268 2840 1301 2903 et
1326 2838 1385 2903 nisi

262 2945 424 3007 excusetur
457 2942 573 3023 pietate
606 2940 784 3023 garmlitas,
819 2940 1016 3021 dispendium
1044 2942 1161 3023 proprii
1188 2940 1315 3025 pudoris
1339 2944 1385 3005 est

362 3098 379 3150 9
403 3096 492 3151 Cicero
509 3093 542 3149 de
559 3098 626 3149 orat.
645 3093 720 3161 124,
738 3094 790 3147 112

315 3234 327 3286 1
351 3234 444 3288 archae
462 3235 502 3300 Β,
530 3233 657 3289 arcbeT
757 3235 894 3304 profeticia
918 3235 1002 3289 BLV
1101 3233 1271 3289 2mieteriie
1298 3236 1325 3291 Τ

262 3324 394 3375 scnemata
412 3320 453 3387 Β,
483 3320 646 3375 scemataT
745 3321 762 3375 3
786 3321 888 3374 intorta
911 3321 976 3387 fort.
1080 3321 1238 3391 poenelopae
1255 3320 1298 3385 L,
1329 3334 1388 3389 poa

260 3406 388 3475 naelopae
409 3406 441 3471 V,
466 3405 591 3475 penelope
609 3404 668 3471 PT,
686 3406 858 3476 ponaelopaei
875 3407 904 3461 Β

312 3526 375 3582 VIL
409 3524 576 3595 illoqnellae
593 3527 621 3581 Β
716 3500 748 3597 {3
767 3526 794 3581 L
895 3526 1137 3583 leccatricem
1233 3529 1266 3581 11
1285 3526 1389 3581 itenere

260 3632 288 3685 B
371 3627 495 3683 etteneri
512 3630 546 3694 Ρ,
564 3613 669 3715 cunei}
685 3630 714 3685 Β
818 3632 850 3685 13
868 3630 1041 3685 dominantur
1058 3630 1099 3696 L,
1122 3629 1273 3685 dominator
1292 3632 1322 3687 Β

260 3730 470 3802 penetrabilibus
488 3732 586 3801 LV(?)
690 3734 832 3789 delectatio
862 3734 887 3787 Τ
987 3734 1019 3787 15
1040 3732 1176 3787 sollicitam
1198 3732 1288 3787 salute
1310 3735 1336 3789 Τ
1358 3734 1389 3789 a'a

260 3832 315 3875 rua.
333 3820 406 3871 1112
500 3818 726 3888 ultimate-nasci
745 3819 772 3872 B
789 3834 837 3875 naa
854 3822 954 3875 inrue.
1050 3835 1126 3889 poseo
1143 3818 1272 3875 offensam
1290 3820 1321 3875 Β

260 3905 293 3958 16
319 3904 435 3959 leticiam
461 3922 482 3959 s.
510 3920 530 3957 e.
558 3905 677 3959 contines
704 3907 727 3958 ai
754 3906 787 3960 ob
818 3906 843 3961 T
867 3907 898 3961 ia
924 3922 978 3961 rue.
1005 3907 1082 3961 oe.2
1192 3904 1223 3957 17
1250 3904 1325 3973 qnod
1356 3904 1388 3971 L,

260 4024 310 4062 oea.
339 4007 354 4061 a
468 4009 501 4063 re
526 4008 650 4077 praua
676 4008 788 4077 seipsi,
817 3992 948 4094 parete
976 4008 1007 4079 a,
1038 4007 1320 4078 praeaeternae

261 4113 294 4165 19
312 4128 398 4167 sermo
419 4113 445 4167 V
459 4114 492 4169 iae
509 4130 564 4169 rue.
583 4120 646 4168 aaa
749 4113 866 4171 cluentio
886 4114 913 4170 T
1011 4114 1045 4171 21
1061 4112 1203 4181 ςίωιιιιίῑε
1220 4112 1284 4179 LV,
1314 4131 1389 4185 gern-

259 4197 344 4252 naaiie
361 4198 396 4262 Β,
418 4200 552 4268 ginnasiia
570 4200 624 4255 ΡΤ
707 4199 794 4270 gottia
812 4200 840 4253 Β
932 4200 966 4254 22
984 4198 1094 4257 ocheani
1112 4198 1146 4265 Β,
1168 4198 1272 4255 occeani
1298 4202 1327 4256 Τ

260 4286 350 4355 lygnia
367 4284 457 4352 BLV,
485 4285 570 4355 lignis
587 4287 657 4343 PTb
760 4288 794 4341 23
812 4286 903 4342 radiae
920 4288 948 4342 Β
1050 4288 1084 4343 24
1101 4286 1207 4357 poderis
1224 4286 1264 4343 Βι
