2934 4934
237 340 301 408 M
594 338 710 408 llagni
728 338 856 395 Felicis
874 338 1006 394 Enuodi

180 594 184 604 ,
238 528 399 595 conlatum
421 527 518 594 fuerit
538 527 614 593 dum
635 528 669 593 in
693 547 753 593 usu
775 532 833 608 est,
856 530 946 594 ornat
968 528 1145 595 auctorem:
1168 528 1357 613 iugeniomm

238 629 428 715 elegantiam
443 628 497 713 qui
512 630 668 718 concludit
683 632 845 697 extenuate
868 649 949 697 uuus
961 649 1045 696 error
1060 633 1108 697 est
1122 631 1244 715 prodire
1266 630 1356 697 riuti·

239 736 363 799 cautem
397 736 429 797 et
457 731 589 818 dignum
622 732 726 797 laudis
757 734 872 799 honore
894 732 1082 799 delitescere.
1128 734 1280 817 numquid
1299 750 1356 801 non

239 835 377 901 habuisti
399 834 495 920 digna
516 837 690 901 memoratu
713 838 771 901 aut
793 855 849 921 ego
866 836 925 901 tibi
940 836 1026 903 uisus
1051 855 1121 903 sum
1137 855 1199 903 uon
1215 836 1355 903 colendus

238 941 382 1024 eloquio?
418 939 481 1004 fuit
508 940 673 1024 aliqnando
696 941 837 1018 materia,
861 959 940 1024 quae
962 942 1008 1007 sic
1030 941 1170 1008 omnium
1193 938 1309 1025 linguis
1329 942 1389 1005 ets

238 1042 355 1108 litteris
378 1042 562 1109 celebranda
582 1042 634 1122 sit,
657 1044 779 1126 qnando
794 1044 833 1110 ad
850 1044 1022 1125 nuptialem
1040 1044 1178 1128 copulam
1195 1043 1358 1126 perductus

237 1147 329 1212 homo
351 1150 411 1222 est,
434 1148 486 1211 cui
509 1164 581 1211 cum
603 1165 717 1232 magna
739 1148 781 1211 sit
802 1147 855 1213 lux
868 1146 1034 1224 natalium,
1050 1147 1242 1213 abundantia
1263 1144 1358 1210 iacul-

237 1250 349 1329 tatnm,
373 1247 540 1333 disciplina
573 1251 605 1315 et
630 1251 734 1332 pudor
758 1254 923 1332 utrumque
945 1250 1183 1335 transgreditur,
1206 1247 1261 1331 qni
1282 1246 1359 1313 uitia

239 1354 340 1419 caruis
362 1350 506 1418 abiurans
528 1372 583 1437 pro
597 1350 818 1418 blandimento
834 1352 918 1435 turpi
934 1352 1101 1435 respuebat
1117 1352 1264 1437 quioquid
1280 1351 1360 1437 leges

239 1455 349 1521 dedere
371 1475 427 1541 pro
449 1454 585 1521 remedio
608 1459 641 1521 et
662 1456 772 1521 uolens
790 1454 904 1521 uxoriis
927 1474 1038 1537 corpus
1061 1454 1210 1541 deputare
1226 1454 1361 1520 seruitiis
1371 1478 1394 1519 a

236 1558 362 1643 putauit
395 1577 428 1622 se
463 1558 613 1645 addicere,
646 1556 869 1641 siquicquam
891 1557 1005 1623 mundo
1028 1558 1212 1641 inpenderet
1234 1558 1362 1624 liberum

239 1662 441 1728 oasdtatem?
468 1662 545 1727 haec
567 1660 627 1727 etsi
649 1678 711 1726 uon
734 1660 850 1744 diligis,
874 1659 967 1726 debes
984 1662 1090 1726 tamen
1112 1679 1167 1745 pro
1183 1661 1303 1745 ingenii
1317 1660 1363 1725 tui

239 1765 447 1831 ostentatione
476 1767 611 1831 laudare.
646 1783 814 1846 possumus
851 1766 883 1829 te
916 1766 1038 1831 credere
1070 1765 1187 1830 bonum
1221 1764 1305 1843 fieri,
1337 1766 1363 1829 si

239 1869 400 1935 audimnus
423 1888 502 1953 quae
523 1869 654 1934 honesta
675 1867 753 1933 suut
774 1866 1014 1952 praedicantem.
1038 1886 1121 1933 nunc
1143 1867 1280 1933 salutem
1300 1868 1362 1933 lar·

238 1972 402 2053 gisalmam
425 1970 531 2036 diceus
554 1974 590 2035 ut
608 1969 765 2035 rescribas
787 1970 946 2051 admoneo,
970 1974 1002 2036 et
1019 1988 1080 2036 nou
1102 1990 1153 2036 me
1168 1970 1206 2035 de
1229 1970 1361 2054 epistola
1374 1990 1396 2032 rs

240 2094 310 2139 mea
325 2074 481 2150 aestimes,
504 2092 609 2158 quem,
629 2072 707 2139 deus
723 2074 814 2139 testis
829 2074 885 2155 est,
899 2076 973 2139 dum
990 2070 1026 2139 de
1041 2073 1170 2139 basilica
1184 2088 1364 2154 remearem,

240 2177 466 2242 transcursione
489 2178 614 2243 dicioni.

768 2366 841 2433 XII.

638 2502 823 2558 unnoorvs
844 2501 968 2559 suono,

283 2624 349 2705 Qua
382 2631 414 2691 te
447 2626 647 2693 deuinctioue.
676 2630 815 2699 teneam,
850 2643 911 2707 qua
933 2625 1096 2709 diligentie
1117 2627 1306 2709 conplectar,
1330 2645 1363 2691 er
1376 2650 1399 2690 ro

241 2730 336 2793 animi
366 2730 413 2793 tui
434 2732 522 2811 potes
545 2730 694 2813 qualitate
723 2726 879 2811 colligere.
903 2726 955 2791 uir
978 2728 1061 2792 euim
1084 2730 1181 2794 amari
1205 2730 1368 2813 continget

241 2832 302 2898 uisi
325 2852 401 2917 quos
434 2832 596 2898 sinceriter
632 2850 738 2897 amare
771 2831 956 2895 constiterit.
1003 2830 1202 2914 congreditur
1231 2830 1317 2896 iuter
1339 2851 1369 2895 se

241 2936 384 3001 caelestis
418 2936 507 3017 uigor
538 2934 715 3000 animarum
753 2934 785 2998 et
818 2932 922 2999 studia
954 2951 1012 2999 sua
1044 2932 1140 2998 mutis
1175 2932 1235 2998 sibi
1259 2936 1369 3017 pandit

240 3038 398 3117 affadbns,
432 3041 465 3103 et
497 3037 565 3102 ideo
598 3038 626 3103 si
660 3036 912 3104 uicissitudinem
943 3036 1023 3101 mihi
1055 3036 1182 3101 reddere
1216 3035 1366 3119 disponis,

241 3142 352 3207 insiste
373 3140 502 3220 domno,
536 3142 572 3206 ut
604 3141 818 3207 suburbanum
839 3138 936 3220 illud,
962 3139 1034 3205 dato
1057 3141 1084 3205 si
1107 3139 1256 3222 dignatur
1278 3160 1298 3205 a
1321 3157 1400 3203 mes

241 3245 352 3326 pretio,
374 3243 546 3325 comparari
565 3242 684 3321 iubeat,
709 3246 791 3327 quod
814 3244 889 3307 dum
904 3244 938 3309 iu
960 3243 1088 3326 Liguria
1110 3241 1208 3321 fuero,
1232 3242 1369 3309 feliciter

294 3462 525 3521 lconsolatumL
619 3461 754 3516 omataB
840 3464 955 3515 actorem
971 3462 1005 3516 Τ·
1101 3462 1248 3532 ingeueord
1263 3462 1300 3518 Β

241 3550 441 3621 leligantiam
468 3549 523 3604 BL
624 3563 682 3602 eror
709 3548 736 3602 Β
837 3546 1023 3602 ddelitiscere
1042 3547 1100 3602 BV
1199 3548 1370 3603 obaudistis

245 3638 270 3691 Τ
367 3635 457 3690 iussus
476 3635 503 3689 L
602 3634 654 3689 tibi
672 3635 746 3689 uisus
764 3652 795 3688 su
817 3634 889 3689 Vin
906 3650 962 3689 roe.
1065 3634 1219 3702 belloquio
1236 3636 1303 3702 fort.

241 3721 459 3777 tlblandiments
478 3722 504 3776 L
597 3720 666 3791 legis
684 3721 778 3776 dedero
796 3720 824 3775 Β
923 3720 956 3774 10
973 3736 1069 3775 urorum
1087 3719 1121 3785 L,
1145 3722 1235 3775 uxoris
1253 3720 1302 3776 Po

241 3808 366 3877 deputate
386 3806 421 3863 T·
514 3807 547 3861 ln
563 3806 637 3861 debis
655 3806 684 3861 Β
777 3806 811 3860 18
828 3806 1004 3861 credereteb
1100 3806 1133 3859 14
1150 3805 1258 3861 audiam
1280 3808 1307 3863 T

214 3896 275 3968 Ι15
292 3909 386 3948 nonu·
404 3891 445 3959 L,
471 3890 587 3947 uuucl'
686 3892 849 3948 meLel.
953 3892 986 3947 16
1004 3890 1047 3960 de]
1067 3891 1176 3946 dedeB

275 4014 338 4069 XII.
374 4013 409 4066 20
429 4012 595 4067 diuinatioue
612 4012 640 4067 Β
743 4014 776 4067 21
794 4014 883 4067 enims
903 4012 1038 4069 Vinrco.
1136 4014 1257 4084 contigat
1275 4012 1304 4069 Β

241 4098 466 4154 ilconstitritB
552 4096 724 4153 ldellatibus
738 4098 766 4152 Β
847 4098 906 4152 ideo
919 4098 943 4152 si
956 4098 991 4163 Β,
1008 4097 1068 4153 ideo
1083 4096 1199 4165 LPTV,
1218 4098 1303 4153 iamt

242 4184 461 4240 dicessitudinem
487 4183 515 4238 Β
615 4184 651 4238 25
676 4184 787 4239 domino
814 4183 862 4239 Po
965 4186 988 4237 si
1012 4182 1140 4253 dignatur
1158 4182 1220 4239 doto
1244 4184 1301 4238 P¹o

239 4281 289 4325 rota
306 4270 334 4325 Β
