2934 4934
243 314 307 383 104
599 308 715 379 Magni
732 307 858 363 Felicis
876 308 1009 365 llrnodi

242 505 376 571 traotosr
393 519 453 587 pro
473 499 589 585 quibas
610 500 709 567 rmtri
732 501 876 569 oonsoias
898 501 1045 584 preoator
1065 499 1195 579 secedo,
1227 500 1303 583 quia
1318 498 1367 563 oui

243 625 312 673 mos
327 608 376 672 est
396 606 451 690 pia
470 604 587 689 ingiter
608 604 713 671 ferere
741 604 827 670 iusta
848 622 909 671 non
932 602 1082 687 despiciet
1104 606 1137 669 et
1158 602 1214 687 qni
1234 602 1369 686 largitur

241 708 405 795 proprium
425 708 528 775 aliem
548 725 611 775 non
630 706 808 775 subtrahet.
829 712 914 775 errat
935 711 989 793 qui
1010 710 1066 775 deo
1093 708 1267 792 proximam
1294 722 1368 771 oon-

242 812 405 881 soientiem
428 812 528 879 eredit
550 812 721 879 commodis
744 810 891 881 inuitari:
924 810 1149 879 detrimentum
1177 815 1224 877 est
1242 814 1368 877 sanetae

242 916 401 984 uoluntati
415 935 478 983 non
488 914 633 983 exhibere
646 916 840 984 tenelioiam.
857 916 925 983 sola
938 915 1057 999 putetis
1072 913 1168 994 luere,
1183 932 1263 997 quae
1279 912 1368 979 nobis
1388 930 1403 971 s

242 1022 281 1088 de
301 1020 493 1088 liberalitate
515 1021 703 1100 naseuntur,
725 1021 779 1103 qni
806 1019 934 1087 diuitias
956 1018 1032 1087 dum
1055 1016 1194 1086 tribuitis
1214 1016 1367 1099 assipitis.

244 1143 340 1194 auara
353 1125 403 1191 est
423 1124 613 1208 dispensatio
634 1128 824 1202 sanatorum,
847 1142 927 1207 quas
944 1123 990 1191 nil
1012 1120 1199 1190 reseruando
1220 1120 1370 1189 uniuersa

242 1229 403 1312 proprium
425 1226 549 1293 reduoit
571 1226 611 1293 ad
632 1226 799 1295 meritum:
823 1226 911 1293 nulla
933 1230 1008 1293 sunt
1030 1226 1153 1309 potiora
1173 1241 1268 1307 quam
1289 1240 1370 1305 quae

242 1332 332 1399 uobis
347 1329 501 1398 eueniunt
515 1331 555 1397 de
568 1329 717 1414 largitate
731 1328 914 1416 oonpendin
936 1347 1009 1415 ergo
1025 1346 1151 1395 seourus
1165 1326 1371 1410 oonprshensi

241 1434 385 1518 saperius
406 1434 573 1502 heredibus
594 1434 710 1503 latoris
739 1435 866 1517 promisi
888 1434 994 1501 uestra
1015 1431 1277 1515 oontemplatione
1304 1431 1407 1497 ise-ro

241 1538 362 1605 teram:
384 1554 441 1605 uos
461 1536 726 1621 pollicitationem
737 1555 842 1605 meam
856 1536 991 1621 benigna
1005 1535 1207 1621 dispositione
1225 1534 1371 1617 oonplets

241 1643 275 1706 et
294 1640 367 1707 illos
388 1640 513 1721 elleotn,
534 1657 587 1707 me
607 1640 748 1707 relevate
768 1639 938 1723 oonloquio.

754 1844 858 1913 vnn.

627 1982 815 2039 snaoows
835 1980 981 2037 severo,

281 2102 370 2171 Solet
390 2104 567 2189 epistolaris
589 2104 797 2182 oonoinnatio,
820 2103 944 2187 quando
967 2103 1073 2170 fauore
1096 2104 1227 2188 rapitur,
1253 2104 1408 2170 indisia1⁵

240 2225 303 2275 non
314 2226 419 2274 amare
430 2211 463 2274 et
474 2208 628 2291 eopiosins
643 2208 745 2274 faeere
759 2208 956 2284 beneficium,
972 2204 1047 2270 dnm
1063 2206 1182 2273 attollit
1196 2208 1370 2273 inmeritos.

242 2310 298 2377 ille
319 2312 404 2376 enim
416 2308 513 2377 debet
527 2310 664 2395 amplius
679 2310 848 2391 adserenti,
871 2311 925 2394 qui
941 2312 1022 2394 quod
1039 2310 1177 2378 moribus
1192 2328 1255 2377 non
1273 2311 1371 2393 exigit

240 2415 346 2499 gratia
367 2414 529 2499 sariptoris
551 2414 745 2499 ermogenes
767 2415 976 2498 eonsequitur,
1005 2414 1079 2497 quie
1111 2414 1209 2479 nullis
1243 2414 1372 2481 adintm

244 2518 447 2586 eomoientiae
479 2517 605 2584 dotibus
626 2519 696 2585 iure
717 2518 759 2584 ad
779 2519 971 2602 allegantem
989 2520 1139 2600 reportat,
1161 2518 1189 2584 si
1210 2519 1287 2601 qnid
1302 2520 1370 2585 adi·

240 2620 385 2705 piseitur.
408 2620 497 2689 alind
518 2623 568 2689 est
588 2622 624 2687 in
645 2639 700 2701 eo,
721 2624 777 2705 qni
798 2620 1040 2704 oonmendatur,
1077 2626 1240 2705 tamquam
1264 2622 1412 2687 nobilem

241 2742 372 2810 gmon
392 2726 442 2792 ita
469 2724 705 2810 peregrinantia
738 2724 819 2791 bone
849 2725 952 2790 uerbis
973 2726 1125 2805 inserere,
1151 2724 1239 2793 aliud
1261 2724 1373 2791 innata

241 2828 388 2912 uulgare,
420 2828 684 2912 quemadmodum
717 2826 747 2893 si
778 2829 931 2895 rusticum
963 2848 1056 2914 pecus
1079 2830 1174 2913 Tyria
1207 2828 1372 2897 confirmae

243 2949 383 3017 purpura
403 2934 515 3016 sponte
535 2930 643 2998 usstiri
665 2934 699 2997 et
719 2930 808 2998 uirus
828 2949 1031 3015 generosum,
1064 2934 1147 3016 quod
1167 2932 1270 2999 uellus
1295 2952 1373 3000 aeno

290 3169 305 3224 1
325 3168 438 3225 oonaolla
461 3166 489 3225 V
588 3168 689 3225 adesto
705 3168 734 3223 Β
836 3170 855 3224 2
878 3169 993 3239 dispiost
1008 3168 1036 3225 Β
1139 3171 1256 3241 largn'tor
1274 3170 1303 3229 Is

238 3288 381 3358 dpropria
400 3288 432 3358 Τ,
458 3288 578 3361 pripinm
595 3288 624 3344 Β
725 3290 773 3361 qui
792 3288 840 3345 deo
858 3290 978 3355 mre,
1005 3256 1070 3361 qnid
1088 3308 1118 3346 eo
1137 3294 1158 3362 (i
1175 3308 1196 3348 s.
1215 3292 1234 3347 l.
1252 3308 1288 3348 m.
1306 3296 1327 3348 2
1345 3301 1372 3350 et

238 3391 402 3461 wiserae)
424 3392 465 3461 L,
500 3393 546 3462 qni
570 3392 630 3447 ideo
654 3390 684 3461 V,
718 3394 766 3463 qni
790 3378 816 3448 so
841 3392 877 3448 Τ·
983 3396 1057 3450 din
1083 3396 1227 3451 oommodis
1253 3398 1302 3454 Pt

238 3515 473 3574 SbenifioiumB
565 3516 749 3588 quaaBal.
806 3516 1072 3614 Ι600000010οΒ
1168 3484 1302 3575 erdere

238 3618 375 3674 tribuistis
392 3619 432 3675 Π
534 3619 670 3688 aooipistis
687 3619 728 3686 B,
756 3620 897 3688 aooepistis
915 3619 944 3673 Β
1047 3620 1062 3674 l
1085 3624 1255 3677 assuetorum
1273 3622 1301 3677 Β

239 3704 326 3773 8an
342 3704 371 3757 Β
473 3706 507 3761 10
523 3704 623 3760 laboris
640 3722 690 3759 om.
711 3706 737 3759 T
843 3707 875 3761 11
893 3722 980 3761 meam
998 3722 1048 3763 oss.
1068 3706 1092 3761 Τ
1193 3706 1372 3777 dispositione

238 3789 355 3859 benigna
373 3790 406 3856 Τ,
430 3789 457 3844 b.
468 3791 667 3860 dispsnsmione
685 3792 712 3847 B
808 3791 841 3847 12
858 3790 953 3849 sdootu
966 3792 1020 3862 ma]
1038 3791 1162 3849 effoetum
1178 3793 1208 3848 Β
1297 3809 1371 3849 rene

238 3876 294 3933 rats
314 3878 350 3931 T*
452 3878 602 3948 oonloquio]
621 3878 686 3933 finit
702 3877 769 3935 odd.
785 3878 814 3933 Β

291 3980 385 4039 vm
420 3981 453 4037 1⁵
469 3983 626 4052 epistolares
645 3983 672 4037 B
776 3986 905 4053 repulsor
922 3983 961 4039 Ιι“
1067 3984 1100 4039 16
1118 3983 1254 4053 onpiosius
1271 3984 1300 4039 Β

239 4082 299 4121 erm
321 4068 347 4121 Τ
431 4068 464 4125 17
481 4070 555 4140 quod
572 4086 606 4125 em
624 4070 686 4125 dem
707 4070 819 4127 Toorr.
906 4071 940 4126 18
957 4070 1152 4141 numerantem
1168 4071 1196 4127 12
1284 4072 1320 4127 19
1336 4072 1370 4125 si·

236 4152 343 4223 quae
444 4155 658 4225 2lgsrminB¹
761 4157 1001 4215 aesomnium
1105 4156 1371 4215 reuerterent-

238 4241 502 4299 κισ-711111
