2934 4934
247 413 313 480 384
552 449 555 459 .
631 411 745 480 Magni
763 408 891 465 Felicia
907 409 1039 465 Euuedi

248 603 328 668 culis
352 603 511 670 absolutus
533 621 593 667 ιιι
622 601 777 668 desiderat
799 619 878 684 qnae
899 601 983 666 iuter
1004 601 1126 666 ineerta
1150 603 1259 667 mnndi
1281 601 1377 684 gemit

248 705 383 788 agnosci,
406 707 460 771 sed
481 705 554 770 illos
575 704 732 770 humanus
753 721 858 769 narem
879 704 946 769 sine
960 703 1121 770 libertatis
1143 703 1307 787 dispendia
1329 723 1378 769 re-

249 808 332 875 fudit
355 807 467 892 opifici,
491 809 566 874 dum
588 810 672 873 inter
694 807 814 890 pellnta
834 808 982 891 gradiens
1000 807 1135 872 niteram
1155 825 1249 872 sunm
1271 807 1378 872 anima

250 913 305 977 dec
327 914 432 977 nestro
454 911 577 976 intanta
604 908 779 994 geminanit
807 911 838 974 et
865 927 922 992 per
950 911 1170 976 mandaterum
1190 908 1377 976 caelestium

248 1015 347 1082 lineas
370 1016 598 1081 lenocinantem
621 1015 712 1080 huius
733 1014 813 1080 lucis
829 1032 890 1079 ιιι
905 1016 1003 1080 sensit
1024 1033 1167 1080 errorem
1191 1013 1283 1080 nobis
1305 1031 1405 1080 neres

248 1118 311 1183 ista
333 1118 533 1201 renitescant,
555 1117 644 1184 nobie
667 1116 830 1200 profutura
844 1117 1015 1195 seruentur,
1039 1117 1150 1198 quibus
1173 1116 1200 1182 si
1216 1117 1255 1182 ab
1274 1118 1376 1184 studia

249 1222 333 1288 deest
355 1222 468 1287 sectari
483 1221 621 1299 meliora,
645 1223 682 1287 de
697 1220 835 1299 illerum,
858 1220 912 1305 qni
926 1220 1028 1286 lacem
1043 1219 1289 1286 conuersationis
1304 1237 1376 1284 snae

247 1324 437 1409 praeierunt,
461 1325 569 1390 uenire
592 1325 684 1390 debet
706 1321 856 1406 exempla.
893 1322 929 1388 ιι
951 1326 1066 1404 antem,
1089 1320 1277 1388 uenerabilis
1297 1321 1377 1388 ebbe

248 1427 369 1506 Leonti,
387 1426 488 1510 quiid
504 1426 583 1494 mibi
599 1427 699 1511 eperia
711 1425 886 1509 iniunxisti,
902 1424 1017 1491 adiuna
1031 1426 1170 1495 cratinus
1185 1423 1375 1490 titubantem

249 1537 280 1595 et
302 1531 477 1596 siccitatem
506 1529 574 1595 stili
597 1532 775 1595 sanctarum
805 1547 933 1612 precum
955 1528 1055 1594 imbre
1079 1527 1253 1610 locupleta:
1283 1527 1405 1594 faciesne

247 1634 344 1714 enim,
374 1641 410 1699 ιι
437 1633 572 1713 confide,
601 1633 725 1698 meritis
747 1631 949 1714 praecipuum
972 1631 1053 1714 quad
1075 1630 1206 1714 adgredi
1231 1651 1285 1696 ms
1312 1633 1375 1714 ipse

246 1737 378 1807 iussisti.
416 1755 550 1820 prauum
577 1741 625 1804 est
653 1736 818 1828 beatudini
838 1738 911 1802 tune
936 1734 1074 1802 ieiunam
1096 1734 1310 1821 elequentiam
1332 1733 1376 1800 fe·

248 1843 356 1910 eunde
378 1842 570 1908 ιιιιιιιιιιι
586 1840 712 1906 faenus
728 1839 895 1924 ampliare:
919 1841 1034 1905 credite
1048 1837 1137 1918 mihi,
1160 1856 1215 1905 nos
1230 1838 1376 1922 respiciet

247 1946 385 2012 extortae
409 1950 464 2012 aut
487 1947 576 2030 culpa
598 1946 654 2010 aut
677 1943 788 2028 genius
808 1941 967 2027 dictionis,
989 1943 1076 2009 euius
1090 1942 1151 2008 uisi
1165 1941 1377 2008 substantiam

246 2047 393 2132 religiose
406 2049 592 2116 auctoritate
606 2047 791 2122 firmaueris,
807 2046 966 2112 uidebitur
980 2045 1088 2112 iudicii
1108 2044 1156 2110 tui
1172 2045 1286 2112 clauda
1301 2043 1376 2111 fides
1384 2069 1405 2109 c

246 2150 399 2234 delegisse
415 2152 518 2221 uninns
533 2151 689 2228 idoneum,
704 2149 756 2214 cui
768 2148 939 2217 neumandi
953 2147 1068 2217 laboris
1083 2147 1277 2231 prouinciam
1291 2166 1376 2214 cem·

247 2255 370 2320 misisti.

288 2543 390 2632 Igitur
405 2544 489 2610 beati
500 2543 617 2611 Antoni
633 2542 815 2610 narraturus
830 2542 967 2630 iusignia
978 2543 1113 2628 primum
1130 2541 1232 2608 sancti
1244 2543 1374 2626 spiritus

246 2649 324 2719 mihi
347 2650 492 2716 maiestas
515 2647 689 2716 insecenda
704 2647 762 2726 est,
787 2651 822 2712 ιι
838 2647 890 2730 qui
914 2648 1004 2712 illum
1026 2647 1118 2713 rebus
1145 2647 1279 2712 diuitem
1303 2647 1375 2712 iecit

246 2767 296 2816 me
318 2752 350 2819 in
375 2751 423 2818 his
447 2749 638 2836 explicandis
661 2769 716 2834 per
738 2749 863 2836 linguae
878 2751 967 2816 frena
980 2750 1157 2816 moderetur
1173 2754 1205 2814 et
1220 2749 1405 2816 labiorum»

245 2857 348 2922 sordes
378 2854 551 2940 prophetici
582 2854 722 2921 carbonis
745 2853 863 2919 diluere
885 2855 1023 2918 maturet
1049 2851 1208 2931 incendic,
1241 2873 1281 2918 ne
1304 2871 1375 2919 ecn-

245 2958 392 3026 scientiae
423 2959 545 3027 uebulis
574 2958 675 3024 lucem
706 2957 951 3024 conuersationis
973 2957 1058 3023 illius
1086 2959 1142 3024 ant
1168 2957 1374 3042 amplissimis

243 3081 412 3146 pauperem
442 3054 557 3128 faciani
586 3058 732 3126 laudibus
760 3066 815 3125 aut
849 3060 984 3126 infantia
1017 3063 1124 3126 arente
1156 3063 1373 3128 deuennstem.

244 3165 437 3232 benedicitur
465 3163 603 3231 indiuisa
630 3163 757 3229 trinitas
787 3165 863 3230 deus
891 3167 1011 3243 noster,
1043 3162 1097 3246 qui
1125 3183 1253 3230 seruum
1281 3185 1374 3232 snum

246 3267 419 3333 Antonium
434 3271 525 3333 tante
540 3267 696 3332 uirtutum
712 3267 784 3332 dete
802 3266 969 3334 sublimem
985 3267 1067 3333 cirea
1084 3265 1219 3333 Danubii
1233 3267 1406 3334 fluminise

245 3370 329 3454 ripas
352 3373 382 3435 in
406 3371 537 3436 ciuitate
560 3369 687 3435 Valeria
709 3369 884 3436 ὃιιιιιιιιι
914 3376 1002 3454 patre
1023 3370 1102 3436 lucis
1125 3371 1217 3438 huius
1245 3373 1374 3438 ianuam

297 3574 490 3663 resultas
508 3605 546 3674 ι,
574 3573 675 3663 ιῗὲὲιι
693 3607 721 3662 Β
822 3608 984 3677 regumn
1006 3607 1034 3662 e
1136 3577 1259 3663 ιιιιέιιι
1276 3609 1307 3664 e

242 3691 437 3764 sepulcrale
538 3693 745 3764 lgerminanit
762 3693 799 3760 Τ,
826 3693 899 3748 idern
916 3695 985 3750 ιοιιι
1003 3692 1132 3752 aarum
1235 3695 1374 3753 (intine-

238 3816 319 3867 'seant
336 3814 364 3869 B
455 3813 559 3884 ablab
654 3780 753 3883 9qni¹d
772 3814 831 3882 LT,
859 3815 925 3882 qnid
941 3814 970 3868 B
1064 3813 1095 3869 11
1105 3813 1305 3884 precipuumB

244 3899 277 3954 13
295 3902 406 3968 respiret
423 3899 461 3955 Β*
566 3902 599 3955 14
616 3901 710 3971 genius
728 3903 759 3955 in
777 3915 861 3971 genus
882 3902 994 3957 Tem.
1098 3903 1132 3957 15
1147 3903 1190 3956 tui
1208 3917 1260 3956 οιιι.
1280 3905 1309 3959 Τ

244 3987 277 4040 16
301 3985 431 4056 delegisse
452 3987 473 4052 (l
492 3989 573 4057 corr.)
599 3987 626 4042 B
729 3987 949 4056 preniutiamV
1050 3987 1083 4042 18
1106 3987 1208 4057 Incipit
1229 3989 1375 4060 discriptis

243 4073 316 4126 uitae
340 4074 423 4140 (nitas
442 4088 491 4127 om.
510 4071 547 4138 Β)
572 4071 721 4128 beatissimi
745 4073 840 4127 antoni
862 4074 978 4143 (antcnij
1004 4070 1036 4138 T,
1061 4074 1171 4131 antaei·
1187 4075 1226 4140 Ιι)
1248 4079 1375 4133 memcbi

243 4157 353 4214 Bm
444 4161 548 4214 antonii
568 4160 651 4217 M'V
743 4161 1154 4227 manutenementum.)
1176 4163 1203 4216 T
1294 4165 1375 4235 spiri·

242 4249 288 4303 tna
312 4247 401 4304 amatr
428 4246 508 4302 Sim.
614 4247 646 4304 19
672 4247 754 4303 inerit
779 4247 807 4304 L
913 4249 946 4304 21
973 4248 1131 4320 prophetici]
1159 4248 1251 4320 medei
1276 4251 1307 4306 Β

243 4331 276 4384 25
295 4331 394 4386 sublim
415 4335 441 4388 Τ
