2934 4934
1164 425 1232 476 ΒΧΓ

130 596 235 663 Multo
266 595 371 664 minus
400 596 497 664 stiam
525 596 712 681 arehetypns
742 596 877 681 engolis
898 597 1028 664 neeibno
1048 597 1340 680 explieuneiuaua
1365 615 1389 656 in

92 701 192 782 paen
215 700 349 766 aerum
370 701 575 784 oupertus
598 700 660 767 rot
683 703 777 785 aeque
795 719 875 784 qma
896 701 990 767 nuru
1003 704 1127 787 genero
1144 702 1226 768 mine
1241 683 1381 802 mg

91 806 174 870 reete
189 803 374 872 obseruasss
389 804 528 882 uidebar,
552 806 628 870 dum
643 807 759 871 iterum
774 805 951 888 iterumque
965 823 1089 870 meeum
1103 808 1224 889 repnte,

90 909 263 972 retractare
286 925 395 989 oegor,
424 909 462 972 nt
488 907 541 986 24,
567 907 608 972 14
629 907 719 977 mer
741 907 785 974 ed
806 926 865 972 eoo
886 927 970 972 eeue
991 909 1135 992 dipnitee
1154 927 1226 974 sero

90 1009 142 1076 sed
170 1009 290 1090 dedite,
323 1009 379 1076 ubi
407 1028 501 1078 noeos
528 1029 613 1076 eene
640 1013 672 1078 et
698 1029 772 1076 aere
798 1010 885 1076 iuxta
914 1031 946 1076 se
974 1011 1093 1094 positas
1121 1012 1226 1077 looum

91 1113 256 1180 defendere
278 1114 424 1196 possunt,
454 1131 525 1180 eum
549 1131 627 1180 euna
648 1113 789 1200 dignitas
810 1133 849 1180 eo
868 1115 993 1181 dieatnr
1014 1133 1076 1199 qua
1096 1114 1226 1198 Agapiti

90 1215 226 1282 nouenos
248 1235 303 1299 per
324 1219 419 1300 leuga
440 1219 584 1300 tempere
604 1217 704 1285 funett
724 1217 800 1294 sint,
824 1219 918 1300 etque
933 1219 1033 1285 altero
1047 1219 1116 1286 leee
1138 1217 1227 1301 61,2

90 1321 235 1403 paoem
255 1320 420 1386 reostende
442 1326 488 1386 est
517 1320 634 1404 inseite
656 1321 766 1386 orme
787 1325 875 1388 terra
902 1322 1088 1401 eumue,
1113 1319 1171 1388 ubi
1192 1322 1227 1386 in

90 1425 229 1508 epitheto
252 1423 369 1508 infolio
386 1425 481 1506 hessi,
503 1424 634 1505 inflate
647 1424 752 1490 delete
768 1424 925 1492 adieetlue
939 1426 1050 1490 eume
1066 1443 1227 1491 sommen-

90 1528 180 1610 dans,
203 1530 372 1612 praeeunte
394 1546 482 1596 suere
504 1530 660 1612 scriptura
682 1527 765 1594 illud
785 1527 948 1611 epitheton
968 1528 1103 1610 scriptor
1128 1544 1224 1611 appe·

90 1635 164 1698 snit
204 1633 304 1700 restat
324 1633 422 1716 igitur
443 1651 524 1699 unns
546 1631 643 1708 leone,
665 1649 760 1715 quem
775 1631 815 1699 ab
836 1632 1057 1714 interpolatore
1074 1631 1225 1697 altrecta-

91 1739 162 1802 tnm
186 1753 255 1800 esse
277 1738 311 1800 et
331 1738 433 1800 metro
455 1739 488 1800 et
510 1735 652 1802 oedieum
680 1733 844 1818 seripturis
866 1736 1010 1820 arguitur
1032 1735 1057 1799 e
1078 1735 1095 1800 Ι
1116 1734 1148 1814 4,
1170 1735 1225 1815 43,

12 1867 13 1878 ¹
91 1837 150 1904 nbi
171 1839 280 1904 Venus
309 1842 394 1906 nuda
423 1839 627 1908 describitur:
661 1838 820 1906 lutoldum
849 1838 996 1904 oeemhms
1023 1838 1102 1904 dem
1133 1841 1229 1921 nepot

93 1943 248 2008 amictum
274 1943 390 2008 Altera
421 1943 479 2008 laer
509 1948 562 2010 eat.
602 1944 696 2010 eoden
724 1943 753 2008 Β
781 1943 858 2007 dem
890 1945 985 2025 nepot
1017 1942 1159 2016 exhibet,
1193 1941 1228 2006 in

94 2045 265 2129 archetypo
289 2047 420 2112 alterins
437 2047 577 2114 familiae
596 2065 691 2130 supra
711 2047 790 2114 haee
804 2047 902 2114 uerba
922 2046 1053 2130 etiem
1074 2046 1228 2128 seriptum

93 2153 174 2225 erat.
200 2167 261 2232 que
284 2151 388 2216 neroni
410 2151 608 2218 satisfaetum
631 2155 687 2228 eet,
711 2151 847 2217 orationi
868 2169 932 2217 nen
947 2151 1037 2217 item.
1066 2167 1141 2216 nem
1155 2147 1227 2213 ett-

90 2273 165 2335 μονα
192 2253 346 2320 amictum
375 2255 513 2321 insolens
535 2257 631 2322 dietie
654 2257 710 2320 est.
735 2273 830 2339 quere
853 2259 986 2337 unoque
1007 2254 1164 2335 seriptnra
1185 2251 1226 2316 ad

93 2357 316 2440 explicandam
337 2360 506 2442 genuinam
528 2377 637 2428 ueeem
665 2360 774 2428 additu
795 2377 863 2426 esee
884 2360 1011 2426 uidetur
1032 2355 1229 2424 llnnedinm·

92 2479 153 2543 qne
182 2461 355 2543 repetendo
381 2463 433 2528 uel
460 2463 564 2530 simile
592 2464 682 2546 qnid,
712 2463 764 2530 eui
785 2464 842 2530 illa
863 2462 1142 2545 interpretamenta
1161 2479 1229 2525 ser·

91 2567 162 2630 nire
184 2566 354 2650 potuerint,
378 2566 498 2632 dedisse
519 2566 708 2649 put'anerim.

137 2685 313 2751 Veeabulis
339 2687 531 2770 syllabarum
544 2687 725 2754 admotione
751 2688 803 2752 uel
827 2685 993 2750 omissione
1015 2684 1169 2768 perruptis
1192 2701 1228 2748 ea
1259 2702 1367 2746 rouen.

93 2793 167 2872 epte
189 2787 320 2873 adiungi
340 2791 480 2872 pessunt,
509 2807 589 2873 quae
616 2795 755 2856 totarum
784 2789 975 2872 syllabarum
996 2787 1228 2872 permutatione
1236 2772 1394 2892 3,Ἢῇ

95 2891 270 2974 deprauata
297 2895 379 2972 sunt,
409 2894 520 2976 quippo
549 2907 628 2976 puae
655 2911 692 2959 en
715 2893 833 2958 eisdem
856 2891 957 2959 oensis
978 2891 1146 2973 repetenda
1168 2894 1261 2969 estu
1276 2909 1392 2960 nesano

92 2994 160 3060 siue
183 2996 309 3062 errandi
330 2996 432 3079 prima
453 2997 539 3080 origo
561 2997 595 3063 in
617 2997 747 3062 obseura
771 2994 933 3078 archetypi
954 2995 1108 3076 seriptum
1130 2994 1230 3077 sylle-
1262 2979 1370 3030 m*

93 3101 269 3182 burumque
293 3100 458 3166 omissione
480 3100 547 3166 sine
567 3101 600 3166 in
623 3100 789 3166 uerborum
804 3092 1012 3164 similitudine
1032 3098 1135 3181 posita
1157 3097 1228 3163 fnit.

94 3222 167 3270 nam
179 3203 350 3270 accedente
362 3205 506 3286 pleraque
515 3203 730 3270 emendatione
739 3207 885 3286 eorrupta
893 3203 1056 3284 magisque
1068 3221 1086 3266 a
1099 3199 1232 3283 pristine

94 3325 150 3372 sna
172 3309 279 3373 ferma
300 3309 424 3372 detorta
445 3327 511 3373 esse
533 3311 671 3391 apparet.
711 3307 793 3371 uitio
820 3307 877 3371 tali
899 3306 933 3369 hi
955 3306 1015 3370 leei
1038 3305 1143 3369 effoeti
1165 3321 1231 3368 esso

94 3415 261 3478 uidentur:
285 3412 316 3486 3,
341 3410 357 3473 1
380 3429 472 3491 puero
494 3411 614 3475 ulmeis
636 3409 774 3476 eeteidea
790 3410 910 3490 pernix
923 3410 1080 3472 terrester
1094 3406 1229 3487 ederem

98 3517 271 3598 (adiwepee
286 3512 400 3596 BLV),
423 3532 502 3596 quae
517 3515 693 3580 eenieeture
707 3512 888 3596 Symmachi
904 3511 992 3596 epist.
1010 3510 1077 3575 llll
1093 3511 1136 3576 20
1158 3527 1231 3574 eon·

94 3619 259 3684 firmatur:
282 3617 555 3698 eloquentissimos
576 3617 705 3681 iouente
721 3616 882 3697 premente
902 3613 1076 3695 feeoode'ee
1093 3612 1232 3677 miseno

94 3729 184 3806 serpet
195 3723 366 3802 parentem
383 3719 435 3803 (ef.
448 3720 479 3784 Π
491 3720 535 3802 3).
549 3755 592 3768 -
603 3719 654 3800 23,
667 3719 707 3784 21
721 3719 775 3783 sert
788 3736 914 3800 podere,
930 3737 969 3780 oe
981 3717 1062 3799 sorte
1075 3715 1232 3798 mutique·

95 3847 167 3892 rum
190 3825 357 3908 quisptam
376 3827 524 3888 eentum
550 3822 682 3902 floreus
712 3821 864 3905 (ferotibee
878 3820 980 3902 cedd.)
1003 3823 1062 3884 eet
1069 3819 1233 3901 petuleum

95 3929 222 3995 αηὺηαῑ
257 3929 369 3992 rosetis
400 3926 569 3993 demiserit.
607 3925 646 3992 ef.
673 3927 764 4008 Verg.
795 3925 860 3990 Eel.
884 3923 982 3990 1158
1011 3928 1043 3987 et
1065 3921 1110 3988 St.
1135 3922 1172 3986 V.
1199 3919 1232 3984 II

94 4035 169 4100 241.
191 4069 238 4084 -
261 4032 314 4110 39,
339 4032 377 4097 11
407 4031 558 4112 speeiele'e
589 4030 669 4094 meli
696 4047 827 4111 preeow
848 4024 981 4113 <oluere
1012 4026 1045 4090 in
1072 4023 1232 4092 eodioitns

94 4141 148 4204 ost
174 4155 259 4214 uere,
291 4153 328 4201 en
356 4153 431 4199 uere
453 4135 560 4218 opiner
588 4134 780 4216 corruptum.
815 4132 855 4196 el.
886 4129 930 4195 St.
957 4130 994 4194 V.
1018 4128 1069 4192 lli
1094 4128 1167 4194 138.
1190 4162 1234 4174 -

93 4242 150 4320 99,
176 4241 218 4305 14
234 4259 333 4322 perpe
354 4241 423 4322 (epe
438 4239 551 4322 eedd.)‚
575 4237 666 4302 eleeto
687 4236 750 4314 dei,
769 4253 834 4317 pre
853 4253 903 4298 me
924 4230 1039 4297 humili
1060 4229 1145 4313 poed
1166 4249 1235 4294 eoe-

85 4347 186 4429 pieti.
203 4379 245 4394 -
264 4343 336 4424 130,
361 4343 405 4408 20
421 4343 594 4424 postquem
610 4338 803 4405 ueneretttte
823 4335 956 4403 iuetieia
975 4335 1113 4420 (iudicio
1129 4331 1233 4415 eedd.)
