2934 4934
226 318 293 387 456
589 316 852 389 Magni-Felicia
868 318 999 374 Ennodi

230 509 314 593 qnod
336 526 373 575 ex
394 506 543 577 metonis
565 509 677 576 endere
693 508 871 591 eontigerit.
894 508 986 574 inetin
1002 526 1136 592 namque
1150 513 1183 576 et
1196 508 1366 594 enperduia

227 610 524 691 deolamationibue,
545 614 607 678 etei
626 612 695 696 pari
714 612 806 677 fauor
820 632 972 696 sermone,
995 614 1136 679 diseretio
1151 618 1259 681 tamen
1272 630 1366 679 men·

225 715 313 782 tibne
334 714 514 782 exhibetur:
544 730 607 782 uno
630 714 757 799 quidem
779 716 910 801 tyranni
932 717 1130 784 laudationes
1155 720 1188 784 et
1209 718 1367 784 bonorum

224 817 403 903 prinoipem
419 837 473 884 ore
488 819 699 897 celebrentur,
715 837 774 885 nee
789 822 840 885 eet
853 821 958 903 aliqua
971 822 1055 885 inter
1068 820 1138 886 eine
1153 824 1207 904 qni
1222 825 1367 885 meretur

225 925 392 1005 praeconia
421 921 589 989 diuersitas
619 923 652 987 et
680 922 767 989 illine
791 922 846 1006 qni
868 924 1011 1007 usurpet.
1055 926 1136 1007 qnod
1164 925 1226 989 niei
1253 924 1401 1007 granius

225 1024 426 1091 iudioantnm
446 1026 577 1112 ingenia
599 1026 725 1092 dieendi
747 1044 858 1093 murae
879 1026 1101 1110 expenderent,
1122 1026 1251 1093 nulium
1271 1026 1365 1091 uret

226 1128 319 1209 baee,
349 1147 428 1211 quae
450 1129 545 1195 etiam
573 1130 712 1215 indignis
744 1130 919 1213 eontingit,
950 1130 1185 1196 adelamantnm
1213 1148 1290 1197 aura
1313 1129 1366 1193 di·

225 1232 369 1297 serimen
403 1234 621 1317 eueeeptarum
649 1239 771 1300 roureto
798 1234 974 1300 diotiomm
1005 1233 1270 1300 oboedientibus
1299 1250 1366 1297 non

225 1336 445 1401 examinantur
465 1336 591 1420 lingua,
621 1336 677 1401 eed
698 1337 835 1419 peotore.
880 1335 914 1402 in
935 1355 1076 1415 summa,
1105 1337 1192 1402 eliud
1214 1339 1262 1402 eet
1281 1336 1367 1401 reei-

225 1442 347 1505 tanton
376 1439 488 1505 blande
517 1440 547 1503 et
568 1439 706 1506 libenter
728 1439 852 1518 entire,
882 1439 969 1504 aliud
993 1438 1140 1505 effaetum
1166 1457 1227 1522 quo
1250 1437 1399 1505 reeiteen

226 1542 406 1625 adprobare.
451 1544 508 1607 ned
536 1545 600 1608 iam
628 1542 755 1610 omieeie
777 1543 927 1608 thematis
949 1541 1269 1609 oommendationibue
1292 1560 1367 1607 rem

224 1645 328 1729 potine
344 1646 570 1712 medioeritatie
586 1650 711 1712 nostrae
723 1647 890 1729 eloquetur
901 1645 1047 1711 infantia.
1064 1644 1246 1711 Portentum
1258 1661 1367 1726 quon·

225 1750 299 1814 dam
315 1748 355 1813 ad
369 1748 476 1815 etudie
494 1749 551 1815 tua
573 1750 805 1834 properantem,
829 1748 948 1831 optime
961 1750 1122 1834 magister,
1146 1752 1204 1814 aub
1218 1747 1366 1812 oratiun-

225 1852 314 1918 oulae
341 1870 428 1920 meae
457 1853 670 1919 insinuatione
698 1854 844 1937 perduxi,
873 1857 952 1918 tuno
983 1870 1058 1919 eum
1094 1852 1272 1919 liberalium
1311 1850 1367 1916 di·

225 1956 433 2039 eoiplinarnm
454 1956 551 2021 limen
575 1956 727 2039 intraret,
751 1962 830 2021 tune
850 1971 928 2021 enm*
950 1956 1110 2021 incertum
1131 1957 1227 2039 earet,
1250 1956 1399 2020 ntr'umn

227 2061 389 2147 prosapiae
404 2062 540 2127 nitorem
552 2061 728 2126 emditione
739 2062 935 2144 loqueretur:
951 2061 1039 2126 nullo
1055 2061 1141 2127 enim
1152 2062 1233 2124 teuto
1244 2058 1367 2124 nobili·

229 2162 307 2227 tatio
330 2161 431 2227 utitur
453 2164 541 2228 ouius
564 2166 750 2247 sauguinem
773 2182 836 2230 non
857 2164 964 2247 prodit
985 2163 1163 2229 inetrootio.
1190 2168 1264 2228 tune
1287 2180 1369 2248 ergo

228 2268 425 2349 praedietnm
447 2268 603 2352 proeeooti
627 2288 737 2334 eumue
760 2269 891 2350 eloquio,
915 2270 1037 2350 quando
1059 2268 1107 2333 fae
1128 2284 1190 2333 non
1204 2268 1269 2332 erat
1294 2286 1367 2331 eer-

231 2386 322 2436 mone
344 2373 462 2449 nostro,
485 2370 589 2454 qualis
605 2376 686 2437 eeeet
700 2372 804 2451 natue,
828 2370 959 2447 oeteudi,
983 2370 1058 2454 qnia
1072 2368 1223 2435 bonorum
1237 2386 1369 2454 aemper

229 2474 417 2541 meritorum
441 2474 529 2539 labeo
552 2476 601 2540 eet
622 2472 740 2541 habere
762 2474 867 2539 lueem
888 2471 1051 2557 sangoinis
1072 2474 1105 2539 et
1123 2477 1213 2539 noete
1234 2474 1398 2539 rustici-a

229 2576 306 2643 tatie
328 2576 467 2657 inoludi,
495 2580 583 2661 prodi
605 2579 812 2644 stemmatum
835 2577 963 2642 uocibus
985 2578 1018 2640 et
1040 2575 1199 2658 imperitia
1219 2572 1368 2641 iueeante

227 2679 422 2745 deliteeoere.
447 2698 557 2745 aurum
580 2680 660 2747 nihil
683 2681 742 2760 eet,
766 2680 829 2744 niei
851 2698 948 2744 mann
970 2680 1164 2762 conponatur
1178 2676 1311 2743 artificia
1336 2682 1369 2743 et

226 2781 314 2848 fuluo
336 2784 474 2866 pretium
497 2782 628 2851 metallo
651 2784 728 2851 lima
749 2782 924 2849 fabricante
954 2782 1119 2865 iungatur:
1146 2784 1282 2848 oeeeante
1314 2783 1368 2848 in·

225 2884 349 2952 dustria
370 2887 481 2971 exigua
503 2890 552 2951 eet
574 2886 702 2953 olaritae
726 2905 806 2971 quae
828 2886 951 2951 uenerit
979 2902 1000 2951 a
1027 2886 1153 2951 natura.
1195 2882 1368 2951 fabrilibus

226 2990 317 3057 debet
339 2990 454 3057 etudiie
477 2990 560 3074 qnod
583 2992 618 3057 in
640 2994 734 3075 partu
750 3009 807 3057 eno
821 2991 906 3057 terra
924 2988 1090 3056 landatur:
1111 2988 1247 3055 tornatio
1261 2986 1398 3055 benene

227 3092 297 3158 boio
313 3094 350 3157 de
364 3093 533 3160 latentium
549 3093 666 3162 fetibus
681 3112 836 3160 uenarum
852 3094 934 3178 qnod
946 3092 981 3158 in
996 3092 1089 3158 solidi
1099 3093 1213 3157 tmneit
1223 3092 1367 3173 speeiem

279 3297 292 3350 1
317 3296 475 3366 superfluuie
505 3295 536 3361 V,
562 3297 714 3368 anperfluuo
743 3294 771 3352 Τ
883 3296 901 3352 8
925 3296 1069 3351 exhibetur
1091 3294 1122 3365 (b
1145 3311 1215 3352 eorr.
1236 3294 1366 3363 daur)

226 3382 256 3438 B
345 3384 505 3452 fipreoonia
523 3383 552 3438 B
639 3390 753 3453 usurpet
769 3383 799 3439 Β
890 3384 989 3454 grani·
1005 3382 1091 3450 BPb,
1118 3380 1299 3480 gunilLTV

226 3484 519 3543 indelammtiumL
613 3484 981 3547 enarmonium.
1076 3484 1297 3542 teutmaturL

227 3572 262 3627 10
278 3572 395 3643 quodi*
497 3573 529 3628 11
549 3572 723 3629 eumatio?
824 3571 1117 3628 lamminarum
1218 3574 1316 3627 noetra
1333 3588 1368 3629 ee:

225 3678 318 3731 inere
344 3678 463 3733 nea
565 3677 685 3732 emmer
712 3677 753 3745 e,
783 3693 834 3732 oea
862 3676 949 3732 nno
1033 3644 1089 3732 ”14
1114 3675 1240 3746 perenne
1264 3675 1296 3729 e

227 3763 260 3818 15
277 3764 343 3819 tune
359 3778 410 3819 one
429 3764 458 3820 Β
561 3762 594 3819 lt
611 3762 740 3819 nobiliter
757 3762 786 3818 L
890 3762 924 3818 18
941 3762 1092 3832 predictum
1110 3762 1139 3818 B
1243 3762 1276 3816 19
1297 3778 1368 3819 rem

226 3864 274 3919 por
295 3848 409 3905 aarum
431 3846 561 3906 acuam
681 3846 717 3903 ao
740 3848 838 3918 ruem]
859 3847 964 3903 aaran
987 3848 1015 3903 a
1133 3847 1169 3902 au
1192 3847 1368 3905 sunm

225 3969 254 4024 e
357 3936 505 4057 imperitet
525 3969 555 4025 a
663 3968 816 4023 inanem
839 3967 867 4022 e
979 3967 1014 4021 aa
1037 3967 1190 4023 nonensem
1212 3966 1300 4023 ene

225 4076 404 4143 oonpunetnr
426 4046 469 4129 ri
566 4072 602 4130 aa
619 4072 768 4129 nnuma
785 4071 898 4127 nmen
998 4074 1120 4127 mne
1137 4070 1166 4125 a
1268 4072 1309 4128 ao
1325 4074 1368 4129 n·

226 4156 307 4213 aen
326 4158 362 4214 r*
457 4159 632 4215 emeretr
727 4158 763 4213 ae
779 4157 882 4212 reione
899 4158 936 4223 e,
963 4157 1069 4213 rein·
1086 4156 1197 4212 nere
1291 4164 1366 4215 m
1433 4185 1434 4188 κ

226 4244 265 4298 ee
282 4244 317 4313 e,
343 4246 429 4301 eene
446 4244 576 4303 neree
