2934 4934
450 371 686 442 Epistularum
711 371 801 427 liber
817 371 895 428 vnn.
1173 373 1238 441 22?

108 562 214 630 eredat
243 561 395 628 transisse
421 559 502 644 quod
532 561 646 628 metuit
674 561 706 626 et
732 579 811 644 quea
833 560 910 628 feoit
931 561 1107 646 redemptor
1129 563 1236 628 noster

109 665 235 731 eoelesti
268 663 462 748 benignitate
496 663 677 746 praeterita,
711 663 803 745 quasi
834 665 899 730 sint
930 665 964 729 in
986 663 1102 730 oooulis
1124 664 1235 746 leonte,

108 767 254 850 suspirat.
278 785 360 844 nere,
383 769 496 834 domne
511 767 641 847 Aniene,
663 767 728 833 iem
752 767 785 832 in
807 786 857 832 me
879 766 960 834 nihil
982 770 1021 834 de
1042 786 1137 834 usure
1157 768 1237 835 lueis

108 871 199 937 istius
227 871 288 936 nisi
310 873 417 938 uestm
440 871 565 936 tentum
588 870 659 954 post
680 872 828 936 timorem
850 872 900 936 doi
921 871 1075 937 remansit
1095 871 1235 938 affeotio:
1311 890 1315 895 ·

86 974 232 1056 equendo
254 974 367 1040 melius
400 991 525 1040 meeum
547 975 660 1058 agitur,
694 973 870 1053 latiorum,
906 976 1033 1058 qualem
1054 994 1104 1041 me
1126 977 1158 1041 iu
1181 976 1236 1042 de·

107 1078 285 1161 speratione
300 1076 474 1142 dimisistis.
491 1080 641 1159 superest,
658 1080 693 1142 nt
708 1078 852 1160 precibus
866 1077 979 1142 nestris
995 1081 1028 1144 et
1038 1080 1236 1161 peecatorum

106 1182 248 1247 remissio
271 1181 459 1246 coneedetur
491 1181 524 1244 et
557 1179 584 1244 si
618 1181 664 1245 ite
687 1178 744 1244 deo
765 1178 902 1259 uidetur,
936 1198 992 1262 pro
1015 1180 1083 1246 nioe
1105 1182 1235 1248 remedii

105 1284 212 1350 obitus
236 1283 317 1350 ooler
339 1284 471 1362 eueniat,
494 1301 533 1347 ne
556 1281 693 1346 emerim
715 1281 758 1347 sit
780 1281 881 1348 morte
896 1282 978 1366 quod
1000 1282 1084 1348 uiuo.
1109 1283 1234 1350 domine

105 1387 160 1466 mi,
186 1387 410 1454 salutationem
434 1385 573 1452 debitam
595 1385 663 1450 tote
685 1384 867 1452 hnmilitate
888 1385 1067 1468 persoluere
1090 1405 1174 1472 rogo,
1196 1394 1234 1453 nt

73 1509 156 1574 roper
181 1509 246 1570 nos,
270 1489 347 1573 quid
369 1490 402 1554 in
425 1507 518 1555 muse
541 1491 647 1556 nostre
675 1489 713 1554 de
734 1489 835 1555 Roma
856 1489 1033 1571 nuntietur,
1056 1509 1233 1576 agnoscam.

580 1641 761 1708 XXXXIII.

471 1759 655 1818 nnaonlvs
672 1761 868 1816 MESSALA&

144 1867 309 1950 Numquid
330 1867 496 1951 aliquando
527 1868 566 1933 et
589 1867 701 1932 affeetu
723 1867 849 1934 destitit
870 1869 926 1950 qai
946 1869 1004 1935 deo
1026 1887 1098 1935 oum
1119 1867 1234 1936 fiduois

102 1969 318 2054 subplieeuitl
341 1973 367 2036 si
389 1971 513 2036 enimus
535 1969 569 2036 in
591 1969 651 2036 fide
674 1988 736 2036 non
758 1971 923 2052 olandieet,
946 1973 1022 2038 note
1039 1976 1071 2036 et
1085 1975 1232 2038 uotorum

70 2094 92 2134 Β
103 2073 194 2156 eopia
216 2075 456 2157 oonlunguntur.
476 2090 544 2138 eoae
566 2071 632 2158 egit
652 2076 734 2156 apud
756 2092 812 2140 uos
833 2074 997 2142 silentium
1018 2093 1133 2158 meum,
1149 2075 1232 2158 quod

102 2177 186 2242 tanti
208 2178 357 2261 mmporis
379 2195 441 2243 non
464 2177 566 2244 ualuit
587 2179 725 2244 obtinere
742 2178 924 2262 loquecitas.
952 2181 1108 2264 quantum
1128 2179 1230 2259 uideo,

99 2281 218 2363 scripta
233 2285 338 2346 mestre
352 2280 413 2346 nisi
429 2279 630 2346 taciturnitas
646 2299 707 2346 nou
723 2283 878 2348 meretur:
901 2301 978 2367 quos
991 2287 1096 2350 mutos
1110 2284 1230 2366 putatis

98 2383 314 2466 alloquimini:
349 2385 389 2449 el>
422 2383 482 2467 hie,
519 2383 630 2466 quibus
660 2384 768 2468 lingue
789 2403 857 2451 esee
879 2385 1026 2464 ereditur,
1050 2384 1229 2451 abstinete.

99 2486 202 2554 falsu
225 2491 332 2552 tamen
353 2486 435 2569 quod
452 2485 557 2552 deouit
572 2487 721 2554 domnum
737 2492 778 2573 et,
801 2492 839 2552 ut
852 2487 913 2571 ipn
928 2488 1040 2567 diuitis,
1059 2491 1229 2571 parentem,

66 2594 133 2654 ant
156 2607 208 2655 me
238 2573 343 2673 grem*
358 2589 553 2671 aegritudine
580 2590 762 2672 depressum
791 2590 920 2674 dignum
941 2589 1060 2672 putetis
1081 2591 1228 2673 elloquio.

98 2710 183 2776 rogo,
205 2694 243 2757 nt
265 2693 323 2758 hoo
344 2692 402 2758 snb
425 2693 658 2759 eontinnetioue
687 2691 822 2758 faoistis.
851 2692 976 2758 domine
998 2694 1053 2776 mi,
1077 2693 1229 2761 resaluta·

98 2794 195 2860 tionis
218 2795 426 2860 reuerentiam
459 2795 583 2861 soluens
617 2812 718 2878 poseo,
753 2797 790 2860 ut
818 2813 875 2876 pro
902 2812 953 2860 me
975 2814 1029 2878 per
1051 2813 1157 2862 omnes
1180 2795 1229 2862 dei

96 2899 221 2964 meros
255 2897 429 2980 supplicare
463 2917 524 2964 non
557 2897 689 2977 desinas,
725 2898 879 2979 quotenus
912 2897 997 2964 uitae
1023 2899 1166 2964 redditus
1189 2899 1228 2964 de

97 3000 219 3066 uisione
241 3000 349 3066 uestra
372 3003 592 3084 congaudeam.

145 3186 276 3242 ineleeti
293 3187 321 3240 Β
425 3189 599 3256 praeteritam
623 3186 650 3241 Β
754 3186 866 3242 oooultis
883 3187 900 3242 t
917 3193 943 3242 et
961 3187 1042 3243 Siren
1145 3189 1163 3242 3
1184 3205 1229 3244 su·

93 3273 179 3342 spiret
197 3273 226 3328 B
312 3272 420 3327 domine
439 3273 506 3328 Plo
593 3273 699 3328 eneieue
721 3271 747 3326 Τ
836 3274 854 3326 4
871 3273 988 3344 tentum]
1006 3276 1098 3329 temen
1117 3274 1159 3329 Po

94 3359 231 3428 timorem]
250 3374 366 3413 amorem
384 3359 432 3414 Po
530 3360 546 3412 5
564 3359 634 3412 tales
651 3357 679 3412 B
772 3358 953 3428 disperatione
971 3360 999 3415 Β
1096 3360 1114 3415 6
1131 3360 1229 3416 demis·

93 3459 174 3514 aute
193 3461 222 3515 Β
308 3457 448 3530 praecibus
466 3460 495 3515 Β
589 3460 709 3515 emur
727 3459 754 3515 Β
848 3429 962 3529 eir,
988 3463 1058 3517 erar
1076 3463 1163 3518 nur

91 3545 250 3601 humilitate
276 3547 304 3600 Β
426 3547 459 3602 10
485 3551 575 3602 uestre
602 3547 629 3602 P
653 3554 680 3604 el
707 3547 788 3604 Siros.
905 3551 1047 3605 nuntietur
1073 3549 1157 3606 Sirra.

90 3633 246 3702 agnoscam]
265 3631 329 3686 finit
346 3632 410 3687 add.
429 3633 457 3688 Β

144 3717 302 3773 mum.
334 3719 367 3773 12
377 3720 488 3774 messala
500 3719 584 3776 LBT
675 3722 707 3776 13
720 3721 870 3777 destitetB
957 3722 991 3776 14
1001 3737 1055 3777 non
1071 3722 1126 3778 Va.
1139 3724 1156 3778 1.

90 3803 168 3873 note]
187 3807 217 3859 et
233 3804 333 3858 notet
438 3807 471 3862 15
497 3807 575 3877 onpia
602 3807 629 3861 Β
733 3809 767 3862 lt
794 3809 914 3879 optinere
938 3809 966 3863 Β
1069 3809 1102 3864 17
1119 3813 1225 3879 potetas

89 3890 118 3944 Β
226 3889 260 3944 19
283 3889 355 3944 donn
373 3891 414 3958 Β,
442 3892 614 3948 dominumt
717 3893 814 3948 dioetir
833 3895 875 3961 B,
902 3895 983 3949 dietis
1000 3895 1028 3949 L
1131 3899 1159 3949 et
1177 3910 1225 3964 pa·

90 3978 196 4030 rentem
218 3975 366 4032 BLP¹PV
460 3977 495 4032 20
512 3979 667 4076 egritudine
685 3979 714 4034 Β
810 3980 980 4051 depressorum
997 3980 1026 4035 Β
1123 3981 1226 4049 potetis

92 4078 121 4133 Β
227 4080 259 4133 21
278 4079 392 4134 faeiates
410 4080 437 4135 Β
539 4099 565 4136 m
589 4083 620 4148 Τ,
646 4082 715 4137 milri
734 4083 821 4140 BLV
920 4083 1095 4140 oluauonie
1113 4083 1156 4140 Pb

86 4163 124 4305 {3
152 4165 289 4320 (ἒῖῗὲηὲ
309 4167 391 4308 em
493 4167 526 4222 de
544 4169 659 4241 uisione]
678 4170 812 4226 diuisione
835 4170 883 4225 Bb
985 4170 1021 4226 24
1046 4171 1225 4241 oongsndiem

1067 4414 1121 4471 15⁸
