2934 4934
531 467 647 522 Dictio
665 468 760 524 VIIII.
1146 473 1208 540 451

78 660 170 725 bomo
202 660 423 725 dominaturus
453 658 644 742 ingreditur,
679 659 803 725 oiamm
831 660 954 725 incerta
988 660 1082 727 astris
1112 665 1213 730 meln-

79 763 224 829 dentibus
260 764 436 847 agniturus.
470 762 546 827 tuuo
577 762 774 847 Bosphorum
800 762 944 829 Pleiadas
965 760 1160 849 cynosuram
1181 770 1214 832 et

79 865 228 948 quioquid
239 865 300 932 itcr'
313 865 471 931 monstrat
485 864 666 947 inspiciens,
683 866 723 932 ad
740 866 818 932 caeli
829 867 1066 934 ductumcallis
1077 870 1213 937 bominis

80 969 259 1049 ordinatur,
289 969 316 1034 si
338 969 446 1034 tamur
467 986 556 1035 mens
584 969 671 1035 nullo
695 972 858 1035 extraneae
889 969 1102 1055 occupationis
1129 993 1214 1040 mor·

57 1070 193 1136 adeatur
217 1072 364 1155 ambiguo
388 1092 446 1138 neo
467 1072 720 1156 peregrinantem
742 1072 891 1138 notitiam
915 1073 1066 1157 magister
1081 1075 1215 1143 inertiae

78 1192 201 1241 maeror
225 1175 365 1261 adfligat.
405 1178 486 1258 quod
509 1176 537 1240 si
561 1176 617 1241 aut
639 1176 727 1259 pigro
750 1178 876 1260 torpore
899 1175 1068 1242 hebetatus
1090 1178 1214 1245 animm

80 1278 215 1344 dormiat
238 1280 292 1343 aut
314 1278 447 1344 diuersis
470 1278 624 1344 excitatus
648 1279 787 1345 stimulis
808 1298 866 1361 per
894 1279 986 1345 deuia
1009 1279 1213 1360 distrahatur,

79 1383 179 1446 noent
208 1383 248 1448 ad
276 1382 473 1465 propositum
503 1400 595 1447 suum
629 1385 714 1448 totus
743 1400 919 1461 occurrere,
955 1381 1044 1449 cuins
1071 1384 1215 1451 membra

78 1484 262 1567 prudentiae
285 1486 402 1553 lanista
425 1486 602 1552 animarum
625 1504 700 1551 cura
725 1486 886 1569 discerpit.
925 1486 1071 1552 inefficax
1093 1506 1216 1573 semper

42 1590 128 1654 noent
151 1589 184 1653 et
206 1607 225 1655 a
247 1589 340 1655 molis
366 1608 443 1655 suae
464 1590 640 1655 ualitudine
670 1590 855 1656 dissociatus
877 1590 1055 1655 ostenditur
1077 1592 1131 1675 qni
1153 1610 1216 1658 non

77 1696 183 1775 potest
206 1696 344 1775 quantus
368 1702 413 1759 est
427 1710 491 1757 una
505 1692 698 1758 bacmtuum
714 1692 813 1757 forma
828 1696 1014 1757 monstrare.
1039 1695 1089 1758 est
1108 1698 1215 1761 tamen

76 1794 154 1860 boni
171 1796 308 1861 doctoris
324 1795 496 1880 expendere
511 1795 665 1879 originem
680 1796 835 1879 serpentis
850 1795 957 1874 riuuli,
981 1796 1035 1878 qui
1055 1798 1215 1880 scalpente

76 1898 116 1962 ad
145 1898 252 1981 ipsum
281 1902 399 1965 terram
426 1916 531 1981 ungue
558 1898 757 1982 perducitur,
788 1898 863 1981 quid
892 1898 935 1963 sit
963 1901 1028 1964 cius
1056 1901 1215 1967 inunum

76 2002 230 2067 collectus
264 2003 389 2079 alueus,
423 2002 499 2084 qnid
525 2002 567 2067 sit
596 2002 650 2067 ubi
680 2002 821 2067 nascitur
849 2002 1043 2083 existimare,
1073 2009 1105 2069 et
1131 2006 1215 2071 uires

41 2136 66 2173 ιι
75 2104 221 2170 fluminis
251 2121 311 2169 non
335 2105 373 2169 do
396 2104 460 2189 his,
491 2123 571 2187 quae
596 2106 733 2187 accepit,
765 2107 820 2170 sed
844 2107 882 2172 de
904 2106 987 2185 illis,
1009 2126 1089 2190 quae
1111 2109 1215 2191 potuit

75 2208 247 2293 accepisse,
270 2208 426 2291 colligere.
465 2225 621 2290 quorsum,
646 2210 836 2274 uenerabilis
859 2208 1027 2295 magister,
1056 2210 1215 2278 libertatis

74 2313 184 2391 index,
207 2311 282 2376 boni
298 2312 517 2376 testimonium
533 2312 705 2396 sanguinis,
728 2313 927 2397 ingeniorum
942 2313 1031 2393 lima,
1048 2314 1216 2381 fabricator

75 2434 237 2493 sensuum,
261 2415 339 2480 haec
361 2414 457 2479 uerba
479 2417 706 2500 praemiserim,
729 2416 757 2481 si
779 2418 936 2500 requiras:
960 2434 1011 2481 me
1026 2436 1076 2482 mc
1091 2417 1214 2482 locutos

75 2540 166 2595 sum,
198 2519 314 2598 fateor,
338 2536 389 2583 me
412 2518 544 2601 digessi,
572 2538 665 2603 quem
688 2520 772 2585 inter
793 2519 939 2586 inscitiae
961 2519 1144 2585 dormientis
1165 2522 1215 2585 in-

40 2624 216 2689 anfantiam
238 2624 457 2704 occupationes
480 2622 585 2688 uariae
609 2626 640 2687 et
662 2621 798 2687 tristitia
812 2622 905 2688 fortis
926 2622 1093 2705 inperitiae
1114 2624 1216 2688 mater

74 2726 246 2810 obpressit,
270 2726 320 2791 cui
343 2745 405 2791 non
428 2726 522 2791 datur
544 2726 631 2789 duris
653 2724 773 2789 soluere
797 2724 877 2789 colla
897 2724 1068 2802 laboribus,
1092 2726 1129 2789 ut
1150 2727 1215 2791 stu-

74 2830 204 2896 diorum
233 2829 351 2912 lupatis
380 2848 433 2895 ora
456 2829 647 2921 decorentur.
686 2845 775 2892 meus
804 2846 906 2892 sermo
929 2825 1010 2909 quod
1036 2828 1146 2892 scaber
1168 2832 1215 2893 est

73 2935 108 2998 et
138 2934 229 2998 nullo
257 2932 478 3016 splendescens
508 2930 654 2997 dictionis
682 2928 817 3008 adtritu,
847 2929 1081 3013 intellegentiae
1107 2934 1155 2995 est
1183 2932 1216 2995 et

73 3034 221 3101 exercitii
236 3034 318 3118 quod
335 3035 470 3102 dedisco.
493 3034 596 3099 tet
548 3054 580 3099 ru
582 3038 632 3100 ter
653 3034 775 3117 palaest
775 3052 811 3097 ra
828 3035 885 3098 tua
904 3032 1076 3113 originaria
1089 3034 1216 3117 linguae

38 3167 64 3207 rs
73 3139 188 3222 palma
209 3138 360 3204 sollicitat
368 3138 463 3203 ·ta'
453 3141 502 3202 rnt
504 3156 537 3203 er
560 3138 660 3217 ciues,
683 3139 747 3202 mei
770 3138 939 3217 inmemor,
964 3138 1096 3218 superba
1120 3137 1215 3203 Dolus

130 3405 148 3457 2
168 3402 304 3460 bealorum
322 3403 358 3469 B,
386 3403 514 3457 bosforon
532 3402 617 3457 LTV
701 3404 878 3472 quinnsnram
897 3402 925 3456 Β
998 3377 1033 3456 13
1052 3402 1102 3456 celi
1120 3402 1149 3457 Β

71 3502 92 3556 4
112 3499 239 3554 amianas
257 3498 285 3552 B
388 3497 540 3551 mordeator
563 3497 590 3551 Β
694 3498 815 3552 dmeror
831 3497 904 3569 lobri,
1001 3513 1083 3565 pegro
1107 3496 1146 3551 Β1

72 3596 90 3648 7
118 3593 245 3649 dicemus
268 3592 327 3647 LV
428 3588 553 3647 stimulis
571 3592 703 3647 excitatus
731 3592 788 3647 TV
887 3592 921 3646 10
943 3591 1100 3646 dissotiatos
1121 3591 1149 3646 Β

73 3690 110 3745 11
131 3690 223 3759 potest
243 3688 270 3743 Τ
284 3704 304 3743 a.
323 3689 341 3744 1.
446 3692 563 3758 quantus
582 3704 615 3743 cc
634 3688 759 3757 quamuis
780 3679 892 3742 Tcor'r.
912 3715 914 3722 ι
998 3686 1031 3742 12
1056 3685 1160 3754 origine
1182 3684 1216 3749 L,

72 3784 247 3870 origiuononr
268 3782 295 3839 V
326 3790 331 3799 '
389 3784 421 3838 13
438 3783 526 3853 ipsam
537 3782 571 3836 'T
592 3795 594 3801 ·
665 3798 772 3853 unguas
790 3782 817 3835 Β
916 3782 951 3837 14
968 3780 1091 3836 collictus
1109 3780 1148 3835 Βι
1175 3790 1178 3796 ·

71 3904 206 3959 nascetur
223 3904 251 3958 Β
355 3905 483 3958 extimare
501 3904 542 3969 Β,
573 3904 715 3974 aestImarc
734 3904 816 3959 Sim.
922 3905 954 3958 15
972 3903 1038 3973 illis]
1057 3902 1100 3957 bis
1126 3902 1151 3957 Τ

71 4000 111 4054 16
136 4014 269 4071 quursum
294 3998 340 4067 V¹,
368 4014 474 4053 cursum
497 3998 524 4051 B
628 3998 661 4053 17
679 3998 797 4053 iudixB
900 3997 967 4052 lima
985 3999 1036 4066 (i
1024 4015 1057 4053 m
1074 4012 1130 4051 rao.
1148 3998 1217 4050 1-2

70 4070 190 4163 ΜΠ
289 4094 322 4147 18
340 4109 382 4146 mc
401 4106 450 4147 oro.
472 4092 498 4145 Τ
594 4092 626 4145 19
646 4093 752 4161 degassi
770 4091 797 4145 Β
894 4071 990 4146 insitis
1010 4092 1036 4146 Τ
1129 4085 1217 4146 infan

72 4190 164 4269 tiam·
185 4190 215 4243 Β
319 4189 354 4244 20
376 4186 562 4273 occupationes
583 4186 626 4252 P,
653 4186 835 4255 occupationis
851 4171 979 4263 BLT¹V
1078 4186 1111 4241 21
1136 4184 1218 4239 colla·

72 4295 126 4365 (ci
146 4298 228 4361 erm.)
253 4292 278 4347 V
373 4292 407 4347 22
425 4308 474 4347 ura
492 4291 531 4345 Βι
570 4306 572 4311 ·
635 4289 670 4348 23
687 4292 742 4361 eet]
761 4290 881 4347 deiectus
898 4292 940 4345 cst
956 4291 1023 4358 fort.
1126 4290 1161 4344 24
1177 4288 1218 4342 di·

71 4397 156 4452 disco
174 4394 215 4463 Β,
242 4412 292 4451 om.
314 4396 340 4449 Τ
441 4397 469 4449 te
486 4393 582 4452 orn.T
684 4392 803 4465 palestra
820 4393 908 4461 LTV,
938 4393 1052 4463 palistra
1068 4386 1117 4446 Β·

1060 4495 1116 4549 29*
