2934 4934
450 391 690 461 Epistularum
707 394 798 449 liber
816 396 840 451 Ι.
1170 402 1213 469 35

89 600 139 661 per
160 582 252 645 tanta
274 580 452 662 temporum
473 581 586 663 spatia,
610 600 688 665 quas
709 584 822 649 bonam
845 582 1051 651 uslitudinem
1075 591 1211 653 uestram

88 682 305 766 significarent
341 683 463 747 litteras
495 686 712 768 suscepissem,
745 688 844 751 neda
867 688 982 753 amoris
1005 689 1096 754 credo
1119 691 1212 755 testi·

17 853 20 858 .
86 789 189 853 monio
210 787 387 851 animorum
420 786 537 853 indices
560 788 710 871 epistulas
738 788 959 855 conueniremi
997 790 1211 876 inreligiosum

86 907 156 975 ergo
178 890 263 954 cirea
285 894 446 955 amantem
466 890 514 953 tui
535 892 567 955 in
591 892 752 957 meliorem
773 894 894 975 partem
917 895 1004 959 uerte
1019 895 1210 980 propositum

65 998 114 1057 set
135 994 178 1059 ad
201 996 383 1059 memoriam
415 997 586 1077 promissae
613 996 686 1063 fidei
708 997 826 1078 scripta
853 998 1041 1063 transmitte.
1087 998 1210 1065 domine

83 1098 136 1173 mi,
159 1097 361 1163 salutationis
388 1099 496 1165 debita
524 1098 647 1165 soluens
679 1117 797 1182 precor,
823 1102 859 1165 ut
881 1099 909 1164 si
930 1119 984 1165 uos
1006 1100 1041 1164 in
1063 1104 1211 1184 antiquae

83 1201 165 1268 eirca
189 1220 241 1267 me
263 1202 453 1284 dignationis
474 1205 562 1267 statu
584 1204 699 1285 pagina
719 1203 839 1270 duecte
861 1204 1039 1285 reppererit,
1068 1222 1212 1287 responsa

82 1308 251 1381 mereatur,
285 1304 359 1385 quie
380 1307 457 1388 puto
478 1305 559 1371 iuter
580 1324 637 1371 noe
658 1307 784 1389 gemina
817 1306 944 1371 uincula
972 1307 1126 1389 disrumpi
1149 1326 1210 1372 non

82 1426 170 1488 posse
194 1407 336 1473 caritatis
359 1410 390 1474 et
412 1410 583 1493 sanguinis.

579 1594 715 1661 XXIIII.

459 1728 645 1787 ENNODIVS
671 1728 834 1786 ASTVRIO.

120 1852 220 1933 Quae,
244 1851 373 1928 malum,
397 1852 477 1917 ratio
491 1858 551 1929 est,
573 1855 609 1915 ut
624 1851 671 1916 ita
686 1850 730 1916 sis
745 1870 854 1934 parcus
876 1854 909 1915 in
930 1852 1040 1934 gratia,
1063 1853 1210 1935 prodigus

80 1955 264 2038 inquerela
286 1958 319 2017 et
339 1953 445 2036 exigas
477 1954 687 2037 frequentiam
719 1954 900 2019 litterarum
933 1972 1027 2035 quam
1056 1957 1121 2038 ipse
1150 1974 1210 2021 non

80 2060 203 2136 tribuis,
240 2057 391 2138 uipormis
414 2057 512 2122 oculis
540 2057 621 2123 illud
644 2058 725 2139 quod
748 2058 830 2124 alter
852 2057 1006 2139 delinquit
1032 2059 1209 2141 inspiciens,

18 2239 19 2260 Χ
50 2166 149 2227 stuas
173 2162 286 2244 culpas
307 2161 396 2226 nulla
417 2160 499 2225 falce
519 2161 711 2227 resecando?
745 2164 817 2227 anni
839 2162 944 2244 plures
972 2163 1056 2241 sunt,
1090 2181 1128 2226 ex
1150 2180 1211 2244 quo

79 2266 216 2348 Alpibus
238 2264 377 2330 uicinam
399 2264 627 2330 habitationem
649 2266 803 2349 delegisti,
827 2266 953 2331 senator
974 2264 1006 2328 et
1020 2264 1139 2343 doetus,
1155 2264 1210 2331 ubi

18 2379 19 2462 l
79 2368 149 2447 tibi,
185 2370 265 2434 dum
296 2368 443 2451 pruinosa
475 2369 600 2451 respicis
632 2369 716 2451 iuga,
749 2369 895 2450 adparuit
928 2368 1124 2450 inauspicata
1157 2369 1210 2432 uix

18 2483 19 2488 ’
77 2472 202 2552 capitis,
228 2471 283 2535 ubi
306 2472 400 2536 etiam
423 2470 539 2553 glande
560 2473 592 2536 te
614 2473 696 2537 nesd
718 2472 886 2554 scriptione
901 2471 1042 2556 signasti.
1065 2472 1151 2537 ouius
1165 2472 1210 2537 rei

78 2576 171 2640 tidem
185 2575 369 2639 litterarum
385 2576 510 2639 tuarum
532 2575 642 2639 decora
662 2574 814 2653 focerunt,
838 2594 911 2639 cnm
926 2575 987 2639 cibi
1002 2575 1095 2640 huius
1110 2574 1209 2656 signi·

49 2678 206 2743 :obeuntia
230 2678 263 2741 iu
285 2678 377 2743 ructu
399 2677 518 2761 turgidi
540 2678 674 2758 pectoris
696 2679 729 2741 et
750 2678 858 2761 Alpini
881 2680 1030 2743 sermonis
1053 2677 1208 2760 adparuit.

78 2783 175 2847 miror
197 2784 316 2863 tamen,
351 2784 431 2864 quod
452 2783 535 2845 inter
558 2780 618 2847 loci
640 2780 727 2845 illius
755 2780 877 2845 frenata
905 2780 1003 2864 glaeie
1025 2779 1154 2845 flumina
1178 2782 1210 2843 et

78 2886 141 2949 sine
163 2883 364 2949 successione
397 2883 496 2966 frigus
528 2883 639 2948 iecoris
669 2883 717 2947 tui
746 2883 872 2949 bamma
905 2884 976 2965 plus
1010 2884 1131 2949 aestuat
1153 2900 1210 2947 nec

79 2987 220 3070 aliquam
242 2986 375 3051 sortitur
396 2989 503 3068 pectus
526 2989 564 3051 de
585 2985 744 3051 mansione
767 2987 959 3068 temperiem.
998 2991 1083 3053 aetas
1106 2986 1208 3051 defer-

129 3226 260 3294 lspacis
278 3225 333 3279 LI*
442 3224 613 3293 dspistolas
640 3224 721 3280 ΜΨ
830 3226 966 3281 bseribta
985 3226 1012 3279 Β
1119 3228 1209 3279 trans

78 3314 158 3367 misse
176 3312 218 3367 Ι,’
241 3328 270 3365 ss
287 3313 320 3367 in
341 3315 369 3365 tt
386 3327 456 3367 corr.
475 3328 510 3367 m.
527 3327 579 3367 ree.
691 3312 781 3383 6mi]
810 3312 878 3365 mihi
905 3310 993 3366 BLV
1100 3326 1209 3379 praecor

76 3399 133 3455 BV
240 3398 349 3453 'letata
366 3397 419 3463 Po,
442 3400 544 3452 statum
562 3396 673 3451 BLTV
773 3399 901 3466 repererit
922 3398 953 3466 Τ,
978 3396 1095 3467 repperIt
1112 3396 1140 3451 Β

78 3484 225 3539 buineula
244 3484 272 3539 Τ
286 3499 308 3537 s.
326 3484 344 3537 l
363 3485 435 3537 ott

125 3604 252 3659 mm.
290 3604 451 3659 12maliB
552 3589 729 3661 siLtsl.
748 3608 819 3661 cut
922 3606 954 3659 13
978 3604 1140 3673 querellaB

77 3697 105 3745 et
119 3708 174 3747 om.
194 3690 224 3745 Β
326 3690 478 3760 frequentiis
503 3692 530 3745 Β
649 3692 682 3745 14
705 3692 807 3745 tribues
832 3690 859 3745 B
962 3691 1099 3760 uipernis]
1125 3691 1209 3762 quip

77 3777 139 3831 imis
159 3778 190 3832 T
295 3776 361 3830 illut
377 3778 406 3831 Β
512 3777 715 3846 delinquit—l.
733 3783 770 3831 18
788 3776 884 3847 capitis
904 3778 930 3831 T
944 3778 976 3831 irs
993 3792 1049 3831 ros.
1067 3780 1140 3833 Μ

78 3861 222 3932 delinquid
239 3862 334 3929 BLP,
365 3862 515 3931 deliquitb
617 3863 747 3931 insipiens
770 3865 795 3915 Τ
912 3862 944 3916 16
963 3862 1094 3917 uicianam
1113 3862 1140 3915 Β

78 3948 202 4018 deligisti
220 3948 258 4013 Β,
285 3948 390 4016 elsgisti
413 3950 439 4000 Τ
546 3952 573 4003 et
590 3949 693 4019 doctus]
710 3948 817 4003 adortus
838 3950 862 4001 T
976 3948 1008 4001 17
1026 3947 1150 4017 pruinosa
1168 3964 1209 4001 re-

76 4054 165 4120 spioes
183 4051 215 4105 Β
316 4051 441 4120 apparuit
461 4052 544 4107 ΜΨ
642 4041 806 4121 inauspicat¹
823 4052 851 4106 Β
963 4052 996 4103 18
1019 4052 1093 4105 inter
1111 4052 1208 4120 eapitis

75 4144 103 4193 et
119 4138 171 4192 ubi
188 4137 299 4191 litterae
314 4138 584 4193 toredoct’erms'rs
604 4141 627 4193 Τ
727 4138 763 4192 20
781 4136 903 4206 apparuit
921 4136 1003 4190 LTV
1103 4136 1137 4188 22
1154 4136 1207 4191 iae·

75 4226 146 4278 euris
174 4222 220 4277 tui
246 4222 288 4289 B,
322 4223 364 4277 tui
390 4223 485 4278 iecoris
511 4224 559 4277 Pb
678 4223 754 4292 plust
783 4224 818 4275 T·
938 4222 972 4275 23
998 4224 1086 4275 aestus
1112 4221 1140 4277 L

75 4310 238 4365 terminos
255 4310 284 4363 Β

1067 4410 1106 4462 3*
