2934 4934
207 411 258 460 ΧΠ

204 583 296 645 rere.
337 579 444 646 Vitam
471 577 589 643 aalma
611 577 654 644 B.
677 575 863 659 upipmmi
889 578 1043 643 dimidiae
1068 579 1210 661 mapliaa
1226 581 1337 664 portis

205 683 381 749 accessione
408 680 636 764 locupletiorem
663 680 788 765 damae,
815 685 852 745 at
872 699 960 745 mooe
988 679 1114 745 mum
1141 682 1227 764 typis
1246 683 1335 748 coita

204 785 313 852 uideri
340 789 441 868 coeat.
477 786 704 869 praefationem
732 789 880 850 secuntur
906 783 1066 868 Epistulae
1094 785 1129 850 iu
1152 785 1215 851 ΧΠ
1237 786 1334 854 libros

206 889 345 975 digestae
360 907 390 972 p.
409 889 545 967 1-310‚
568 885 716 952 Eocmdii
738 906 760 950 a
781 887 885 952 morlo
906 890 1014 952 aotam
1032 891 1063 953 et
1075 889 1225 952 marratio
1246 889 1336 954 uitae

208 997 262 1078 (=
278 992 391 1078 Opusc.
408 993 449 1074 V)
470 1012 502 1076 p,
518 991 698 1070 etl-319,
722 989 797 1057 Vita
819 989 987 1073 lipiphauii
1009 1010 1038 1074 p.
1055 991 1234 1071 eal-378,
1257 991 1335 1058 Vita

204 1096 336 1163 Antonii
357 1117 387 1180 p.
411 1095 598 1181 ets-391,
626 1093 839 1180 Panegyricus
869 1094 1115 1160 clementissimo
1142 1095 1210 1177 regi
1233 1095 1333 1161 Theo-

204 1200 308 1267 dorico
330 1219 359 1284 p.
383 1198 569 1279 393-419,
603 1198 767 1265 Orationes
798 1201 829 1264 et
857 1198 1109 1265 Declamationea
1131 1197 1236 1277 XXX,
1270 1217 1333 1282 quo

204 1303 331 1371 nomine
364 1304 485 1386 reliqua
518 1303 634 1369 maiora
669 1320 763 1385 opera
799 1301 1096 1386 conprehendantur
1126 1302 1193 1369 420
1207 1303 1332 1386 -50‘1,

202 1407 424 1491 Apologeticus
452 1425 507 1490 pro
535 1405 653 1490 synodo
676 1411 730 1489 (τε
746 1403 860 1489 Opueo.
883 1405 930 1489 ΙΙ)
955 1425 984 1490 p.
1007 1405 1188 1486 508-553,
1219 1406 1332 1472 uscia-

203 1510 301 1576 matio
325 1509 380 1593 (=
396 1509 478 1575 Diet.
494 1509 600 1590 XXII)
624 1528 656 1591 p.
671 1507 852 1586 ets-tut,
873 1511 1030 1593 postremo
1048 1526 1086 1574 ea
1107 1508 1174 1574 loco
1196 1509 1331 1587 adiecta,

203 1611 288 1695 qood
308 1613 411 1679 serias
432 1611 506 1677 accc
528 1609 675 1676 Ennoea
697 1609 884 1676 declamatio
904 1611 943 1675 im
963 1629 1081 1676 mamas
1104 1610 1264 1677 inciderit.
1297 1612 1332 1678 iu

204 1716 288 1782 ealce
308 1716 493 1781 Notatioucs
513 1715 637 1780 additae
659 1716 743 1781 suut.
766 1714 914 1781 Carmina
928 1714 1060 1780 lluuodii
1074 1713 1225 1796 peculiari
1238 1713 1333 1781 uolu-

202 1819 286 1884 mine
309 1821 403 1885 autea
424 1819 509 1884 edita
532 1835 607 1897 esse,
631 1835 665 1883 er
688 1818 822 1901 epistula
843 1818 882 1883 ad
906 1816 943 1884 V.
969 1815 1027 1883 CL.
1046 1819 1121 1884 Aut
1144 1817 1333 1884 Salmatium

202 1921 325 2006 collegii
348 1921 549 1989 Ambrosiaui
571 1921 743 1987 Mediolani
772 1920 931 1986 doctorem
952 1921 1134 2006 theologum
1156 1920 1335 2004 praemissa

203 2024 334 2092 Toruaci
356 2024 545 2091 Neruiorum
563 2023 636 2092 Kal.
652 2024 789 2108 Augusti
804 2039 963 2093 010.me
978 2027 1053 2091 data
1066 2027 1204 2107 apparet.
1227 2024 1333 2090 scitae·

201 2132 337 2211 poenior
353 2130 407 2212 (se.
424 2127 587 2212 carmina),
609 2127 655 2195 ibi
669 2128 782 2212 iuquit,
799 2127 992 2208 propediem,
1014 2125 1083 2192 Deo
1096 2127 1170 2192 leae
1186 2129 1332 2208 immite,

200 2229 348 2296 mnam
369 2230 509 2313 reliqua:
530 2228 706 2312 Epistulae,
734 2229 909 2308 Oratioms,
938 2229 1199 2309 malcomum
1220 2236 1250 2295 ct
1264 2250 1333 2314 pro

201 2333 327 2418 Syoodo
341 2333 433 2400 IIII.
467 2335 614 2401 Romano
635 2334 691 2399 sol
707 2332 894 2417 mmmmm
907 2333 1135 2417 Apolopeticoe.
1167 2335 1200 2399 iu
1223 2352 1331 2401 exem·

200 2437 343 2523 pleribus
381 2455 459 2520 quse
495 2438 562 2503 uidi
595 2455 668 2505 oum
701 2437 831 2520 reliquis
865 2438 1021 2520 opusculis
1054 2437 1221 2504 coniuncta
1252 2443 1333 2505 eunt

200 2546 232 2606 et
253 2540 383 2625 paginas
406 2541 447 2607 ts
470 2540 635 2625 complent.
670 2541 818 2607 secuntur
842 2540 955 2607 deinde
981 2539 1065 2607 loliis
1086 2560 1148 2606 uon
1169 2542 1331 2627 paginalis

200 2643 244 2709 In
265 2642 413 2710 anodii
432 2648 577 2727 poenale
604 2643 789 2710 Notatloaes
817 2647 850 2711 et
871 2644 994 2711 Iudices
1021 2644 1061 2711 ad
1083 2647 1251 2728 utrumque
1271 2663 1331 2710 uo·

201 2748 308 2814 lumen
329 2747 528 2832 pertinentes.

241 2867 290 2935 Ne
324 2868 432 2935 fallaci
464 2868 519 2934 illo
553 2867 666 2952 plurali
699 2867 894 2934 minume
925 2868 958 2935 in
989 2887 1124 2936 errorem
1159 2870 1329 2955 inducaris,

201 2969 327 3037 Schotto
350 2989 431 3036 unus
456 2973 580 3038 tautum
603 2973 697 3038 codex
720 2971 753 3036 iu
774 2972 906 3037 Morinis
927 2971 985 3038 ille
1005 2973 1174 3058 Belgarum
1203 2973 1331 3040 ultimis

200 3077 350 3157 rapertus,
373 3073 456 3138 idem
480 3094 571 3159 quem
593 3075 785 3142 Basileeuses
814 3077 1042 3160 usurpaueraut
1064 3081 1158 3159 atque
1181 3076 1272 3143 hodic
1292 3077 1328 3144 iu

201 3174 389 3243 bibliotheca
411 3175 604 3242 Bruxellsusi
627 3181 814 3257 asseruntur,
837 3179 1048 3263 praeclaruit,
1072 3179 1159 3245 cuius
1174 3179 1207 3245 iu
1224 3180 1329 3246 iroute

203 3277 323 3345 Schotti
345 3296 442 3344 mauu
463 3277 539 3344 haec
561 3279 677 3362 scripta
700 3278 864 3365 leguntur:
889 3280 1020 3348 (loetali
1041 3280 1124 3347 tuuc
1138 3281 1331 3348 Eanodium

202 3381 399 3446 ficinensem
421 3381 565 3464 episcopi
587 3381 631 3447 ael
644 3383 811 3448 cddimcem
827 3383 1021 3450 Gemanica
1042 3385 1128 3449 iuter
1141 3384 1328 3450 ortlodooco·

198 3483 336 3568 proptor
357 3503 473 3568 mepao
496 3505 608 3566 operm
624 3487 742 3570 precio,
771 3508 842 3553 cam
863 3491 895 3552 ct
914 3489 1123 3570 qaateeuiomi
1141 3490 1267 3574 immoni
1289 3490 1330 3556 im

198 3589 278 3653 edito
307 3588 483 3653 mutuari
512 3589 765 3656 otaemouerim:
794 3592 944 3657 carmina
971 3593 1083 3658 ommia
1108 3594 1241 3658 traiecta
1262 3612 1329 3661 esee

197 3695 351 3773 totiusque
373 3691 449 3758 odeo
471 3713 549 3775 opas
569 3695 685 3760 uitiosa
706 3715 854 3762 mosum
868 3696 1064 3779 deprehendi.
1090 3697 1202 3763 Honos
1218 3699 1328 3781 doque

197 3791 358 3859 hemodos
379 3796 506 3878 scriptis
528 3795 620 3863 libris
634 3803 663 3863 et
678 3799 792 3866 amicis
803 3802 914 3884 pratia
928 3801 983 3883 qai
998 3801 1149 3866 mom
1163 3801 1326 3885 ommno,

196 3901 225 3962 et
246 3917 332 3963 amoc
355 3900 495 3964 restituo.
525 3901 673 3966 Andreas
695 3901 837 3968 Schottas
858 3905 1104 3988 Anueepieme
1124 3905 1162 3970 de
1182 3905 1327 3972 soomtate

197 3998 321 4066 IESV.
344 4006 438 4068 1607.
462 4003 555 4085 atque
571 4005 654 4088 apud
670 4006 804 4071 alterum
828 4008 981 4073 editorem
1003 4009 1059 4072 ille
1074 4007 1180 4076 eadem
1195 4009 1328 4076 fortuna

196 4121 271 4168 usus
294 4105 350 4169 est.
384 4106 465 4189 quod
488 4109 571 4172 euim
593 4107 626 4173 iu
648 4109 715 4174 uiro
738 4109 815 4176 satis
838 4111 937 4190 docto,
961 4111 1013 4193 qui
1037 4110 1193 4177 inscitiam
1215 4111 1326 4196 negle-

196 4207 393 4290 gentiamque
414 4209 656 4286 Basileensium‚
690 4213 810 4295 autiqm
840 4211 915 4279 libri
940 4214 1168 4298 praestantiam
1194 4216 1326 4301 integri·

196 4313 354 4394 latamque
384 4314 540 4398 cognitam
571 4314 724 4394 habuerit,
754 4317 898 4400 explicari
926 4318 979 4384 uix
1011 4320 1124 4403 potest,
1159 4318 1265 4385 euenit
1287 4323 1327 4387 ut
