2934 4934
447 384 684 456 Epistularum
704 386 793 445 libor
810 386 904 447 Vim.
1175 387 1241 464 253

106 575 154 642 ita
175 575 364 658 profundam
398 573 549 655 ababa.
575 573 665 658 quasi
688 576 740 644 eit
766 574 881 659 ignara
910 574 1138 658 procinctuum.
1181 578 1238 645 deo

105 679 269 746 tribute
300 697 359 746 rac
391 696 449 762 pax
481 679 550 748 eius
582 680 703 748 turbari
736 679 841 746 dubiis
873 681 979 765 potest
1004 696 1064 744 nec
1085 676 1237 749 tortitudo

105 781 251 866 qualibet
273 781 483 854 obiectatione
509 780 679 868 cumea.
709 781 796 856 nibil
818 783 903 866 apud
925 782 1019 850 illum
1039 782 1140 850 tutius
1161 799 1236 866 sup·

104 885 261 969 plicante:
275 887 362 952 solus
377 886 478 952 suasit
488 885 661 968 proeliares
670 887 753 959 ecta
764 887 818 970 oui
831 888 971 972 ropauitz
984 885 1065 954 uicit
1079 903 1237 959 armorum

83 991 235 1072 stupetus
256 991 312 1072 qni
332 987 447 1056 obtulit
469 987 601 1059 deuotus
619 988 817 1072 obsequium
837 990 923 1073 quoi
938 989 992 1055 uix
1006 992 1128 1058 ueteres
1147 989 1237 1073 priu-

105 1094 191 1176 cipeu
211 1091 410 1176 mentae
429 1108 515 1160 suas
541 1093 653 1162 sudore
681 1091 776 1174 potiti
798 1094 892 1172 eunt,
930 1093 990 1160 boo
1010 1110 1133 1176 semper
1154 1093 1237 1177 regis

104 1195 207 1262 nostri
228 1194 335 1262 breuis
356 1195 536 1278 procurauit
558 1192 707 1278 epistula
743 1212 798 1278 per
820 1212 967 1262 excursus
989 1194 1137 1279 dirigitur
1158 1195 1235 1265 felix

104 1299 263 1366 armatur
292 1299 334 1366 ad
365 1297 573 1381 triumphum.
619 1297 675 1380 qui
698 1298 806 1367 credat
827 1298 965 1366 militem
986 1297 1054 1377 eus
1076 1298 1236 1368 inlabere

105 1406 139 1470 et
166 1401 360 1486 perlectione
386 1399 501 1469 babere
529 1403 658 1486 quidem
684 1403 862 1485 superantis
890 1403 1041 1486 gloriam,
1077 1403 1133 1470 sed
1161 1419 1238 1472 oon·

70 1506 277 1574 retinentium
310 1504 497 1590 subiugati?
539 1506 768 1580 consummatis
801 1505 1073 1588 congressionibus
1105 1508 1143 1574 ie
1171 1505 1238 1572 irae

105 1609 281 1676 mediate
295 1609 343 1674 nil
357 1609 517 1676 remanet:
533 1627 594 1674 nno
611 1612 752 1693 tempora
766 1625 842 1691 quos
863 1608 1053 1692 perniciosos
1067 1607 1237 1678 cimmerii

107 1714 245 1780 uiderint
266 1713 397 1779 blandos
414 1712 557 1777 sentiunt
581 1711 907 1796 taruannense.
951 1716 985 1780 et
1010 1713 1090 1778 baec
1111 1711 1237 1796 quidam

107 1817 237 1884 caelesti
265 1817 490 1901 praeparantur
511 1835 566 1899 pro
590 1817 649 1882 bac
677 1816 860 1900 repensione
882 1815 1042 1900 suffragio,
1065 1816 1139 1898 qnia
1159 1814 1236 1881 fides

106 1924 215 1986 nostra
236 1922 318 2004 apud
341 1937 424 2002 eum,
448 1919 536 1984 alind
557 1921 623 2004 ipse
646 1922 796 1997 sectetur,
819 1920 968 2001 inportu
991 1920 1047 1984 est
1081 1917 1236 1984 mirabilis

72 2023 271 2108 repetientia,
295 2021 417 2105 quando
439 2026 531 2088 tonan
551 2023 702 2116 propositi
724 2023 774 2088 sui
797 2021 975 2088 claritatem
993 2039 1056 2086 non
1072 2021 1238 2088 obumbrat

105 2127 216 2192 alieni:
240 2127 369 2191 namet
395 2117 607 2190 ecclesiarum
623 2129 802 2191 nostrarum
831 2123 1020 2208 patrimonia
1041 2123 1151 2203 relabi,
1174 2124 1236 2188 nisi

105 2233 199 2295 aucta
221 2229 349 2309 fuerint,
372 2228 566 2312 ingemescit.
600 2229 646 2294 sic
668 2227 788 2294 iactum
810 2233 869 2310 eet,
891 2230 983 2294 utet
1003 2229 1123 2294 matum
1145 2245 1239 2294 suum

104 2332 279 2415 locupletes
318 2347 488 2416 pauperum
527 2331 723 2398 substantiae
757 2333 886 2397 teneant
923 2335 955 2397 et
991 2331 1163 2398 mediocres
1198 2331 1238 2396 ai

105 2453 284 2519 supremam
316 2435 510 2520 opulentiam
546 2436 773 2501 concalescant.
812 2433 846 2500 in
868 2434 1079 2502 sacorlotibuo
1100 2435 1235 2499 uirtutes

72 2542 136 2606 oet
158 2539 289 2605 innatas
314 2539 388 2606 colit
411 2541 445 2605 et
465 2558 526 2604 non
548 2537 688 2622 repertae
703 2539 846 2622 inspirat
871 2539 925 2604 sei
941 2556 996 2605 our
1013 2535 1238 2604 beatitudinem

104 2645 246 2709 nestram
267 2643 458 2727 pracindicio
473 2639 579 2708 diffusi
595 2643 749 2709 sermonis
764 2643 959 2727 anticipem?
982 2642 1130 2708 continno
1145 2659 1236 2724 erpe-

104 2745 221 2811 rientia
242 2749 348 2812 nostra
371 2749 403 2812 et
425 2745 578 2829 spiritalis
602 2745 658 2811 illa
680 2745 829 2829 perfectio
850 2746 993 2812 ieiunum
1013 2763 1067 2811 me
1087 2743 1183 2811 luisse
1203 2746 1238 2809 in

104 2849 163 2916 lilii
185 2851 287 2916 uestri
309 2847 454 2918 laudibus
476 2849 647 2932 recusabit,
671 2849 703 2914 et
717 2869 789 2916 cnm
803 2850 926 2916 soleant
941 2847 1124 2932 amplificari
1144 2849 1232 2914 facta

105 2952 289 3036 conloquiis,
324 2951 463 3019 sterilem
495 2969 546 3018 me
581 2951 748 3018 relatorem
781 2955 819 3018 de
851 2953 1007 3018 uirtutum
1036 2952 1103 3018 eius
1135 2969 1237 3017 moses

75 3055 297 3123 accusabitur.
321 3055 387 3122 iam
409 3053 583 3122 saeculares
606 3057 714 3140 apices,
739 3055 862 3121 curules
885 3058 1065 3137 ottrabeas,
1088 3055 1238 3140 patricias

159 3313 370 3372 lretineatisb
465 3313 663 3384 precinct-ub
756 3314 877 3370 3tocins
895 3313 924 3369 Β
1018 3315 1125 3370 inicet
1144 3314 1171 3369 Β

105 3399 254 3458 bobitulit
266 3400 379 3455 denotor
397 3399 425 3455 L
528 3400 665 3473 ipregis
679 3401 707 3472 (p
720 3399 869 3455 delenitor.
882 3399 956 3469 ‘M
1058 3400 1235 3455 ttrinmlnm

106 3487 134 3541 Β
239 3485 300 3555 quis
319 3485 401 3540 Sim
510 3486 698 3556 imperantis
716 3485 817 3553 ΡΝ,
846 3488 1002 3556 superantes
1019 3486 1120 3553 LT'V,
1148 3501 1238 3554 euper-

106 3573 214 3630 biantes
232 3571 261 3628 Β
365 3572 399 3627 10
422 3573 632 3644 consumpmatis
655 3571 684 3626 Β
787 3572 842 3628 irae
861 3587 910 3628 om.
939 3572 965 3629 Y
1066 3573 1098 3626 11
1120 3571 1237 3628 remanit

107 3660 133 3713 Β
239 3657 404 3728 perniciosus
426 3659 459 3713 Β
563 3658 700 3714 aduersari
729 3660 756 3715 Τ
859 3660 892 3713 12
918 3658 981 3716 heac
1008 3659 1035 3714 L
1139 3659 1172 3714 13
1198 3673 1238 3713 re-

107 3746 246 3817 sponsione
269 3747 303 3802 1⁷¹
405 3747 447 3822 14,
462 3746 533 3804 aliut
555 3746 596 3813 Β,
627 3746 902 3818 [com1eliud8im
1006 3744 1119 3800 rectitur
1143 3744 1171 3799 Β

107 3831 269 3903 importuT
370 3833 539 3888 mamiato
562 3833 589 3888 L
692 3833 725 3887 17
753 3835 815 3890 acta
844 3832 870 3887 T
970 3829 1124 3901 ingemiscit
1149 3827 1237 3898 ΜΨ,

107 3919 268 3988 ingemiscat
284 3915 313 3972 Β
404 3919 438 3975 18
455 3917 600 3990 locupletes
619 3919 713 3988 Sir-m„
738 3918 879 3988 locupletis
898 3917 1055 3974 BLPTVb
1139 3930 1238 3986 paupm

110 4005 143 4060 Β
161 4001 210 4060 aad
221 4019 315 4060 uocat
327 4019 387 4074 cop.
405 4022 440 4060 m.
454 4008 481 4073 2,
508 4021 593 4074 caper
609 4021 757 4077 pauperum
774 4005 864 4060 necao
881 4004 954 4073 praed
971 4005 1080 4074 mam
1093 4001 1190 4072 posuit
1202 3999 1238 4066 a,

107 4105 261 4161 prosperum
279 4087 345 4155 tort.
438 4091 581 4146 mediocres
600 4091 691 4159 Sirra„
717 4089 858 4146 mediocris
876 4087 1033 4144 ΒΒΡΠΒ
1126 4087 1158 4142 19
1176 4102 1238 4141 con·

107 4211 241 4267 caliscant
267 4210 295 4266 Β
408 4211 442 4267 20
467 4184 591 4306 {repertas
618 4210 646 4265 Β
753 4207 788 4265 22
815 4209 935 4280 spiritale
963 4209 990 4264 B
1093 4208 1239 4280 perspectio

107 4316 160 4372 ΒΒ
265 4316 301 4372 23
317 4315 359 4371 lili
376 4313 405 4372 Β
508 4315 542 4372 ab
560 4315 691 4372 seculares
708 4315 737 4371 Β
