2934 4934
20 457 22 510 ‚
466 392 698 461 Epistularum
715 392 803 445 liber
820 393 844 446 1.
1174 396 1212 462 17

101 580 302 648 deliberatum
332 600 400 647 esee
427 581 533 662 uideo,
563 584 590 648 si
612 600 683 662 uos,
712 587 818 648 utrum
840 584 965 649 audiam
983 602 1062 667 quae
1085 585 1211 672 iubetis,

100 684 128 749 in
147 683 280 767 ancipiti
302 702 368 749 esse
389 702 552 768 eognoseo.
575 685 664 750 nulla
684 704 734 750 me
757 689 862 751 tamen
885 706 942 751 nee
963 688 1212 770 magnitudinem

20 795 21 838 1
98 790 230 853 rabam
253 806 289 851 er
310 804 349 852 se
368 792 459 869 parte
482 789 565 870 apud
586 789 680 853 deum
695 790 788 871 eulpa
801 790 953 871 respiciet,
976 791 1048 872 qnia
1062 792 1213 873 praefatos

97 908 163 955 mox
198 892 238 954 ad
269 890 432 955 seruilium
462 890 548 955 illius
573 890 648 955 boni
676 891 737 955 uiri
779 895 845 958 sine
876 892 1006 959 alienius
1039 893 1212 960 audientiae

78 994 173 1060 olibra
195 993 242 1057 ire
264 992 398 1075 eoupuli.
421 994 537 1059 domini
559 994 621 1058 mei
635 993 854 1059 salutationem
869 994 1077 1079 largissimam
1095 998 1209 1077 disens,

20 1073 21 1098 ¹
94 1115 184 1179 quam
208 1095 332 1173 uellem,
355 1096 382 1159 si
403 1095 475 1161 istis
497 1095 630 1179 negotiis
652 1097 783 1179 paginas
806 1116 867 1163 non
889 1099 1019 1181 uegetis,
1044 1103 1098 1163 aut
1121 1118 1211 1164 aeon·

94 1200 209 1264 satores
221 1216 305 1262 meos
321 1198 387 1282 ipse
400 1216 570 1281 conponere
584 1203 648 1274 ant,
663 1200 744 1281 qued
759 1202 807 1263 est
823 1200 1019 1280 familiarius,
1035 1202 1211 1286 frequenter

93 1304 208 1368 errare!

606 1457 696 1522 vui.

63 1596 84 1632 ro
464 1574 620 1630 FIRMINO
645 1574 837 1631 ENNODIVS.

20 1675 21 1690 ¹
129 1678 274 1745 Iuounda
294 1683 368 1745 aaut
390 1680 573 1746 eommereia
594 1681 780 1758 litterarum,
803 1682 893 1749 doato
914 1686 1038 1749 auetme
1062 1690 1208 1770 eeneepta

20 1829 21 1872 3
90 1782 152 1862 illa,
176 1784 212 1848 in
235 1783 346 1865 quibus
368 1786 407 1850 ad
429 1802 563 1867 unguem
585 1784 675 1865 politi
698 1785 846 1850 sermonis
869 1786 1014 1867 splendor
1035 1787 1206 1873 effulgorat,

87 1888 139 1955 nbi
162 1886 266 1952 oratio
288 1887 378 1951 diues
391 1886 488 1953 frenis
502 1885 634 1968 peritiae
647 1886 834 1953 sentinetur.
857 1889 981 1970 qnando
996 1891 1205 1960 abundantem

20 2003 21 2066 l
88 1989 231 2072 loquelae
253 2007 366 2055 uenam
386 1988 559 2055 laboriosus
580 1990 614 2055 iu
635 1988 739 2054 lueem
761 1994 916 2057 serutator
936 1992 1108 2074 adduxerit,
1131 1997 1207 2062 tune

20 2129 21 2166 ,
60 2095 259 2174 aproeeduut
280 2092 383 2157 offioia
403 2091 601 2175 smoipieutis
623 2091 784 2159 desideriis
806 2095 954 2175 paritura
977 2098 1010 2161 at
1024 2097 1079 2163 ubi
1096 2100 1203 2165 seaber

20 2179 21 2246 l
87 2212 189 2260 sermo
210 2196 390 2276 angustiam
411 2196 557 2277 pauperis
579 2196 685 2277 signat
704 2195 823 2277 ingenii
845 2215 902 2261 nee
916 2200 1097 2283 eonoeptum
1110 2220 1202 2267 snum

20 2281 21 2290 ἵ
86 2297 117 2363 iu
145 2298 290 2363 ordinem
317 2298 482 2381 digerendo
512 2303 634 2365 noewm
662 2299 765 2365 studio
789 2299 971 2367 elocutionis
993 2302 1151 2369 interserit
1172 2307 1205 2371 et

20 2393 21 2434 ³
85 2400 253 2466 nebulosae
280 2401 466 2467 narrationis
494 2400 641 2484 ambiguo
671 2405 828 2483 quendam
855 2408 983 2487 generat
1005 2405 1043 2470 de
1063 2407 1133 2487 ipsa
1155 2427 1207 2473 ex·

84 2502 266 2583 planatione
288 2504 486 2569 mitatem:
516 2504 583 2586 qum
606 2522 667 2569 non
688 2522 834 2586 personae
856 2506 931 2571 telis
953 2509 985 2573 in
1008 2509 1200 2591 eloquentius

55 2624 155 2671 beree
187 2607 379 2672 constitutus
410 2612 535 2690 spernat
555 2607 723 2675 affeetnmi
758 2609 871 2691 grenat
892 2610 1111 2679 conscientiam
1133 2634 1202 2698 per-

84 2708 238 2776 lectorum
253 2727 341 2774 amor
354 2710 479 2775 indocti.
502 2710 619 2775 aeduis
642 2710 783 2776 emistis
806 2712 945 2777 internae
968 2713 1205 2783 noeeseitudinis

83 2812 219 2878 uineulis
242 2812 352 2878 adiuta
372 2831 433 2877 non
454 2812 570 2878 lertm:
597 2815 695 2879 neseit
729 2815 858 2897 experiri
886 2813 961 2897 qnid
983 2818 1081 2899 possit
1113 2836 1205 2900 quem

83 2917 196 2981 enas
218 2915 356 2980 sbmulis
377 2916 441 2981 suis
463 2916 609 2999 exagitet.
631 2916 730 2982 solent
752 2918 857 2983 tamen
880 2918 989 3001 dignos
1009 2920 1101 2985 nenia
1123 2922 1204 2987 indi·

82 3036 151 3083 sare
187 3016 320 3101 perlecti
346 3036 423 3100 quos
450 3017 532 3083 inter
558 3018 741 3100 epistulares
770 3018 838 3085 uiae
868 3021 1013 3086 nutantia
1042 3023 1203 3091 deseruere

54 3119 230 3203 anestigia.
253 3120 359 3185 soletis
382 3120 457 3205 quid
478 3121 579 3187 dieere
601 3122 757 3187 noluimus
779 3123 955 3204 adtendere,
978 3124 1119 3206 quotiens
1142 3146 1203 3195 non

82 3223 246 3289 elocuntur
266 3226 342 3287 uota
368 3241 533 3289 sermones.
561 3225 687 3291 idoneae
714 3229 820 3291 tamm
846 3225 1024 3308 perlatricis
1052 3230 1201 3297 uiaticum

80 3326 289 3409 praegrauani
311 3328 351 3406 et,
375 3344 452 3409 qnae
472 3347 522 3393 me
544 3330 738 3409 praesentare
758 3328 841 3394 uiuis
863 3330 1013 3412 potuisset
1034 3332 1201 3414 adfatibus,

127 3580 146 3635 3
165 3580 242 3648 perte
259 3578 288 3634 L
389 3581 515 3649 respieist
532 3581 560 3634 Β
661 3582 908 3639 dandieudientiae
926 3584 952 3639 V
1048 3587 1064 3641 5
1082 3590 1198 3659 compuli

79 3665 167 3721 ΜΨ
276 3666 382 3721 demine
398 3668 437 3723 mi
453 3670 483 3723 P
495 3668 516 3733 (i
532 3672 565 3724 ia
582 3672 647 3735 roe)
665 3670 681 3724 b
792 3670 808 3724 6
825 3672 933 3740 uegetas
951 3670 979 3725 Β
1098 3672 1113 3726 7
1130 3690 1200 3730 eom·

78 3765 177 3817 ponere
192 3750 276 3807 ΜΨ

128 3874 211 3930 VIII.
248 3875 278 3929 11
306 3877 461 3930 eommertia
487 3876 528 3946 L,
556 3879 715 3933 commentis
744 3878 770 3933 Τ
872 3880 906 3935 12
932 3852 1077 3965 οΒιιΙςᾷηὓ
1104 3879 1132 3933 Β

80 3978 111 4031 13
128 3977 202 4031 dinis
221 3976 249 4031 Β
332 3979 532 4035 habundantem
545 3982 600 4037 PT
688 3983 721 4037 14
738 3982 869 4053 loquellas
884 3981 912 4036 Β
1003 3984 1035 4037 15
1052 3982 1086 4037 ad
1104 3982 1132 4037 Β

79 4063 111 4116 18
127 4063 271 4118 nebulosae
288 4063 316 4119 V
412 4066 446 4121 19
463 4066 602 4121 sadotem
619 4066 647 4121 Β
734 4069 773 4138 in]
793 4068 850 4122 sine
867 4068 913 4122 Pb
1016 4067 1051 4122 20
1067 4069 1124 4123 arte
1141 4068 1199 4133 Pb,

76 4148 157 4203 arabe
173 4150 202 4203 Β
302 4150 337 4204 22
354 4152 441 4221 quem]
458 4166 526 4221 quae
543 4151 570 4206 Β
665 4154 699 4208 23
716 4154 854 4224 exagitant
871 4152 942 4208 LV¹
1044 4154 1079 4209 24
1095 4152 1195 4223 epistu-

76 4234 142 4288 laris
160 4236 196 4303 Β,
223 4237 379 4307 epistulares
396 4238 429 4292 l⁷¹
445 4254 464 4292 n
480 4239 515 4294 ia
531 4255 547 4293 o
563 4255 633 4295 eorr.
650 4256 684 4295 m.
702 4246 718 4295 1
815 4240 849 4295 25
876 4241 972 4295 soletes
998 4241 1026 4294 Β
1121 4239 1197 4295 uoln-

75 4319 185 4374 issimus
203 4319 233 4375 Β
327 4322 464 4378 attendere
480 4323 589 4379 LPTV
688 4325 722 4381 Μ
739 4326 833 4381 idonea
849 4325 966 4397 etiamen
984 4324 1012 4380 L

124 4422 175 4477 VI.
1079 4428 1096 4481 2
