2934 4934
401 422 520 492 Opnsc.
537 413 591 478 111.
618 419 698 477 Vita
715 418 747 477 B.
766 416 943 492 Epiphani.
1171 419 1236 490 363
1344 399 1355 415 ’

99 614 292 681 Laurentius
307 607 552 680 Mediolanensis
567 611 737 695 episeopus.
761 597 815 695 qai
829 604 961 695 vpreelecti
975 625 1038 677 nna
1052 609 1235 676 &neuram

100 717 200 784 etiam
222 710 339 798 pariter
356 715 576 800 peruenerunt,
600 711 739 797 suscepti
762 711 951 779 reuerenter.
983 716 1148 796 postquam
1169 711 1235 777 iliis

100 820 220 905 agendi
253 811 356 886 aditus
389 820 531 884 reclusus
565 819 623 898 est,
659 819 771 884 beatus
804 815 993 882 Laurentius
1026 814 1235 882 neceesarium

100 923 193 989 duxit
215 921 265 988 illi
287 921 487 1006 potissimum
522 917 687 1006 perorandi
716 921 837 1004 copiam
866 920 948 1000 dari,
983 919 1071 984 ouius
1099 918 1233 1004 uestigia

76 1025 313 1111 eircquentium
350 1023 543 1108 legationum
579 1023 752 1090 laboriosus
787 1021 875 1089 callis
909 1023 1082 1089 adtrinerat
1115 1023 1147 1087 st
1180 1039 1235 1105 per

99 1130 268 1196 tramitem
291 1126 506 1193 huiuscemodi
524 1123 645 1192 itineris
662 1125 866 1194 cursitantem
880 1144 942 1192 non
957 1127 1055 1192 semel
1071 1123 1234 1209 hispidum

99 1229 270 1298 castrensis
303 1229 409 1315 puluis
443 1224 593 1295 effeosat.
634 1227 776 1313 quitali
807 1224 949 1312 publices
982 1225 1151 1312 petitiones
1185 1231 1233 1293 est

98 1335 223 1401 orditus
256 1327 386 1418 eloquin.
429 1333 596 1416 '‘quantus‚
631 1327 837 1398 inuictissline
865 1334 1023 1417 princeps,
1058 1350 1114 1414 per
1137 1329 1233 1396 innu-

97 1437 269 1505 merabiles
292 1451 449 1504 successus
472 1432 655 1502 felicitatem
677 1438 766 1502 tuam
789 1434 879 1502 fauor
894 1435 1021 1501 dininas
1037 1433 1182 1511 erexerit,
1204 1433 1233 1499 si

64 1559 157 1626 seper
180 1541 322 1608 ordinem
354 1541 508 1626 relegam,
544 1535 686 1622 agnoscis
712 1541 744 1604 te
773 1539 920 1604 uotorum
950 1548 1082 1622 parcum
1114 1537 1234 1602 maiora

99 1661 265 1727 sempera
288 1641 344 1710 deo
368 1643 473 1709 nostro
501 1641 650 1708 beneficia
677 1643 832 1726 accepisse
861 1655 954 1725 qnam
976 1646 1099 1728 optasse
1122 1639 1233 1706 memi-

99 1747 197 1813 noris.
242 1743 360 1812 suffieit
394 1749 501 1812 tamen
534 1743 646 1810 horum
680 1757 776 1810 mum
806 1751 930 1810 narrate
964 1748 1017 1811 sod
1051 1745 1232 1819 mammam,

100 1845 186 1933 quod
210 1849 294 1932 apud
313 1853 347 1915 te
369 1849 543 1933 principem
565 1843 612 1913 ibi
634 1853 795 1913 seruorum
819 1852 945 1913 tuorunn
964 1864 1074 1914 causas
1098 1847 1231 1930 agimus,

98 1954 157 2019 ubi
193 1951 314 2019 solebat
346 1952 491 2018 inimicas
525 1953 598 2016 tuus
632 1949 724 2017 hales
759 1951 831 2018 solii
863 1951 1055 2034 possessione
1087 1951 1231 2034 gaudere.

65 2057 200 2124 rehabes
221 2057 393 2141 plurimnm
417 2051 542 2121 Olrrlsto
569 2053 759 2138 redemptori
782 2053 887 2121 nostro
911 2051 994 2138 qnod
1016 2053 1142 2120 debeam
1177 2071 1233 2136 pro

99 2161 217 2243 quibus
251 2175 395 2243 rogamus
429 2159 496 2241 ipse
528 2157 662 2242 largitus
691 2159 750 2222 est.
788 2159 964 2224 cauendum
994 2157 1084 2224 nobie
1108 2160 1171 2242 eet,
1195 2168 1235 2220 ne

99 2261 282 2328 offendatur
303 2262 410 2327 tumor
431 2263 580 2340 muneris,
603 2259 630 2327 si
653 2261 734 2345 quod
756 2261 914 2346 praestitit
929 2278 991 2327 non
1007 2278 1156 2327 memus.
1179 2257 1233 2326 din

99 2361 258 2447 suspendo
286 2361 431 2430 fiduciam
459 2379 577 2430 meam:
607 2363 711 2448 placet
733 2363 779 2430 ire
801 2383 860 2448 per
877 2362 1017 2449 singula,
1041 2384 1118 2449 qnae
1140 2363 1234 2430 fando

101 2467 230 2550 conperi
263 2485 403 2550 quaeque
435 2467 577 2551 perspexi
612 2469 778 2534 accessisse
811 2466 872 2533 tibi
900 2467 1078 2536 diuinitatis
1107 2465 1232 2533 annito.

67 2569 166 2636 roseis
191 2588 269 2652 quae
284 2570 316 2635 te
331 2568 530 2655 pollicebaris
553 2571 708 2648 acturum,
733 2572 856 2654 quando
873 2569 1111 2637 confertissimis
1125 2570 1235 2636 inimi·

101 2689 214 2740 corum
237 2671 342 2738 cuneis
365 2671 550 2755 pugnaturis
573 2675 604 2737 et
627 2671 709 2738 eirca
731 2687 836 2737 maros
851 2671 1027 2739 litinensis
1049 2670 1233 2739 ciuitatulae

100 2771 230 2842 nostns
248 2775 320 2842 litui
336 2775 464 2860 claugor
478 2777 640 2858 streperet,
664 2776 789 2858 quaudo
802 2776 901 2840 armis
914 2791 1043 2843 numero
1060 2775 1232 2840 medacii

101 2880 352 2964 praestantiores
374 2878 546 2944 subsisoero
568 2876 635 2944 sols
653 2879 761 2944 tecum
776 2877 946 2944 dimicante
968 2878 1099 2944 caelitus
1120 2877 1233 2947 muisi-

101 2983 160 3051 tili
191 2977 310 3048 uirtute
340 2995 400 3048 non
429 2983 586 3066 poteraut.
622 2980 760 3051 audebat
787 2985 820 3046 te
847 2977 974 3065 adgredi
1001 2983 1056 3063 qni
1079 2981 1233 3047 exereitus

156 3271 173 3322 1
196 3269 392 3324 medolanensis
414 3269 439 3324 V
540 3269 739 3340 elementer]
763 3271 971 3328 mediolanensis
992 3259 1038 3342 eps
1055 3272 1168 3332 ⁰de

102 3371 470 3430 necessarium-laboriosus
491 3374 623 3429 Tierua.
726 3373 804 3429 silli
812 3375 1059 3446 postpotissimnm
1078 3375 1133 3431 Ta.
1147 3376 1166 3431 i.

102 3495 166 3550 aare
187 3493 214 3549 r
314 3493 492 3564 emesenum
509 3494 538 3552 Β
642 3493 800 3552 reseas
820 3497 878 3554 sn
980 3470 1121 3582 eoam
1137 3497 1165 3552 Β

101 3614 119 3668 9
136 3577 432 3684 euadit1⁶ffiffi‘s
450 3615 482 3685 (i.
499 3616 650 3674 exhibuerit
665 3619 721 3674 at
739 3633 775 3675 sc
787 3622 867 3688 rea),
895 3620 1022 3676 malent
1039 3618 1166 3680 mata

100 3700 137 3754 10
164 3699 283 3770 relegens
310 3717 346 3756 eo·
371 3701 490 3770 regalem
516 3708 548 3758 set
573 3701 687 3759 uideor
713 3720 785 3760 corr.
812 3705 839 3760 L
941 3720 1065 3775 agnoscas
1092 3703 1166 3759 Bou.

102 3787 136 3842 11
165 3787 258 3858 opaea
287 3787 313 3842 Τ
430 3787 464 3842 12
490 3787 596 3844 emicet
622 3789 650 3843 B
764 3789 871 3862 hornan]
898 3791 948 3846 hoc
975 3786 1056 3846 Stoa
1172 3805 1234 3844 usr-

100 3887 160 3927 rere
184 3869 218 3927 ys
327 3871 361 3928 14
379 3872 472 3932 solnm
485 3873 581 3944 potitos
598 3891 680 3944 qoam
698 3875 795 3934 soliim
812 3873 854 3941 B,
884 3876 934 3930 soii
952 3877 1021 3932 coest
1041 3875 1166 3932 secono

103 3974 136 4030 nr
155 3975 276 4033 aare
358 3974 608 4047 mesenus
689 3965 886 4048 reienses
968 3974 1164 4033 emacem

102 4087 139 4142 no
161 4089 190 4142 ce
214 4086 243 4141 Β
259 4103 280 4142 e.
298 4088 317 4144 e.
420 4084 704 4159 arteponerent
721 4093 792 4158 (pes
810 4093 892 4157 sorr.)
996 4065 1155 4146 essars
1172 4063 1233 4144 ter-

102 4181 195 4236 nensis
221 4179 280 4238 nt*
389 4181 554 4239 counitetnle
582 4175 617 4236 2¹¹
739 4182 774 4237 22
799 4181 888 4238 hostis
920 4183 1002 4239 Sim.
1116 4184 1181 4240 litui
1206 4183 1235 4241 Β

102 4267 147 4321 tui
169 4263 260 4334 MV,
286 4267 342 4323 tuis
366 4267 448 4324 Sirra
553 4267 587 4323 23
614 4267 805 4338 prestantiores
832 4269 859 4324 B
963 4267 1112 4326 demieante
1138 4270 1165 4327 L

103 4351 138 4407 as
156 4351 284 4409 ausonae
301 4353 329 4409 n
414 4347 417 4352 ·
1125 4344 1128 4351 ’
