2934 4934
446 397 682 466 Epistularum
700 398 789 453 libor
806 399 828 453 1.
1153 402 1194 466 25

73 590 273 673 principium.
302 605 400 674 paene
430 590 514 654 enim
535 590 595 654 sibi
617 590 709 655 debet
732 590 895 675 angustias
916 608 987 655 suae
1010 590 1064 673 qui
1086 609 1192 655 smum

72 695 211 778 relegere
233 693 390 758 transacta
411 712 473 759 non
494 692 622 777 refugit.
642 692 711 775 quis
725 693 765 757 ad
780 692 896 757 calcem
910 692 1075 776 perductas
1090 695 1193 759 anxie·

71 800 153 862 tates
177 814 252 861 snas
274 799 395 881 reparet
418 796 629 878 intempestiui
651 795 835 861 samositate
858 796 1034 861 sermonis?
1062 796 1117 861 sed
1138 815 1194 861 uo-

69 901 196 968 biscum
213 900 292 965 milri
314 905 438 965 etcum
460 899 617 982 proposito
639 918 744 964 rernm
765 898 840 963 fides
858 901 915 980 est,
937 898 1194 981 quibusdebetur

51 1006 103 1068 sin
125 1004 332 1086 replicatione
359 1021 395 1067 ex
423 1020 614 1084 quecumque
643 1020 737 1067 causa
763 1001 934 1067 sinceritas.
971 1002 1074 1085 patior
1094 1001 1193 1067 libens

69 1107 198 1172 aculeos
220 1106 359 1171 reuocati
381 1105 539 1189 maeroris,
563 1105 728 1170 dummodo
751 1104 879 1169 ueritati
895 1104 941 1169 nil
961 1105 1076 1188 pereat,
1102 1107 1133 1169 et
1153 1121 1193 1169 ne

68 1230 125 1293 per
139 1212 258 1276 uitium
273 1213 399 1275 tenerae
414 1209 530 1273 mentis
547 1208 692 1291 paginam
710 1207 846 1273 falsitate
862 1208 1069 1281 dehonestem,
1085 1210 1193 1289 sponte

68 1313 135 1379 fero
159 1313 244 1396 quod
267 1314 374 1378 refero.
398 1310 498 1376 uncti
520 1312 653 1394 episcopi
675 1310 775 1392 patris
796 1312 892 1375 uestri
907 1329 1002 1393 prope
1017 1312 1049 1375 in
1064 1309 1193 1375 dubium

65 1417 153 1481 salus
179 1415 312 1481 deducta
332 1435 383 1481 me
405 1416 516 1497 tenuit,
535 1415 574 1479 in
595 1414 681 1478 cuius
704 1413 894 1497 aegritudine
917 1413 1059 1495 quamuis
1082 1413 1192 1478 cuncta

38 1518 286 1585 ¹oinlacrimnret
308 1518 449 1596 molesia,
472 1536 523 1582 me
547 1520 651 1581 tamen
674 1516 815 1598 specialis
838 1534 958 1581 maeror
980 1515 1113 1600 addixit,
1139 1518 1192 1597 qui

67 1625 134 1687 eius
160 1621 260 1687 debeo
281 1622 352 1704 plus
374 1623 482 1686 amori.
506 1620 571 1685 uidi
586 1638 692 1703 pacem
716 1620 854 1685 ciuitatis
869 1623 1020 1703 urguente
1041 1618 1193 1684 discordia

66 1727 154 1791 urbis
178 1728 305 1791 nostrae
327 1723 436 1789 limina
458 1724 725 1789 transcendentem
749 1730 779 1788 et
801 1722 840 1787 ab
863 1722 958 1788 oeulis
974 1723 1089 1789 nostris
1105 1722 1191 1804 quasi

65 1829 223 1893 incertum
252 1827 375 1911 aliquod
408 1827 463 1892 aut
494 1844 611 1909 uagum
645 1845 761 1891 numen
793 1826 940 1909 elapsam.
974 1826 1025 1890 sed
1058 1824 1192 1891 sufficiat

66 1930 217 1996 tristibus
245 1930 357 1995 stricta
378 1931 522 1995 namatio.
561 1931 623 1994 iam
653 1930 691 1995 ad
716 1928 831 1995 bonam
859 1928 1065 1994 ualitudinem
1092 1928 1191 1993 sancti

36 2034 169 2116 epatris
192 2033 277 2099 salus
298 2033 431 2115 optanda
454 2034 485 2097 et
507 2031 664 2115 diligenda
689 2032 832 2114 respirat.
860 2050 935 2096 nam
950 2031 1005 2097 ubi
1021 2051 1108 2097 mens
1124 2050 1192 2097 mea

66 2139 105 2201 ed
136 2138 308 2202 stationem
330 2135 440 2214 rediit,
471 2138 582 2200 statim
604 2137 689 2199 iussa
710 2136 854 2216 respexit.
891 2152 1000 2217 pueros
1023 2134 1189 2213 destineui

67 2240 121 2322 qui
143 2239 235 2303 fideli
256 2258 307 2303 me
322 2242 361 2303 de
374 2238 580 2322 prosperitate
603 2237 750 2304 culminis
772 2239 870 2302 nestri
884 2236 935 2301 uel
950 2238 1048 2303 totius
1065 2242 1190 2303 sanctae

67 2344 182 2407 domus
210 2341 359 2406 relatione
387 2342 583 2426 perdoceant
620 2341 736 2424 pendeo
765 2358 871 2405 rursus
895 2342 927 2403 et
947 2341 1031 2405 inter
1051 2359 1138 2423 spem
1161 2348 1191 2403 et

65 2449 192 2511 metum
203 2444 301 2511 dubia
315 2445 531 2510 aestimatione
546 2444 724 2527 distringor,
742 2444 792 2508 cui
807 2461 931 2509 necesse
946 2445 993 2508 est
1009 2444 1046 2507 de
1062 2444 1189 2509 alterius

36 2548 211 2629 operentis
239 2566 306 2612 cass
332 2548 535 2630 prosperitate
564 2548 744 2614 sollicitum.
782 2548 851 2628 quis
879 2547 918 2611 ad
940 2564 1029 2611 ouras
1051 2564 1136 2611 meas
1159 2566 1190 2611 se

65 2649 232 2735 porrigat?
255 2650 322 2733 quis
337 2653 439 2716 aestus
455 2651 650 2735 aequiperare
664 2650 770 2714 ualeat
785 2649 843 2713 teli
858 2647 1010 2714 diuisione
1026 2649 1191 2714 distracti?

65 2755 117 2819 sed
146 2754 230 2818 lraec
257 2754 297 2819 ad
325 2753 418 2819 deum
444 2753 557 2817 iustius
586 2754 798 2835 reportantur,
824 2754 911 2816 cuius
935 2752 1118 2817 clementiae
1141 2754 1188 2815 est

66 2859 140 2923 uota
177 2857 301 2922 uincere
334 2855 566 2938 supplicantum
600 2860 631 2920 et
664 2855 889 2921 fluctuantibus
922 2857 1046 2936 portum
1082 2871 1188 2937 parare

66 2959 240 3027 desideriis.
283 2959 411 3025 interim
443 2959 482 3023 ad
516 2977 607 3022 usum
640 2960 780 3022 reuertor
816 2957 1017 3038 querelarum.
1061 2955 1189 3040 paginas

36 3066 191 3129 seuoeuas
220 3062 292 3127 ilico
324 3080 374 3126 me
402 3078 533 3145 suggero
561 3059 708 3143 subsequi
738 3060 880 3126 debuisse
911 3059 1008 3124 etad
1041 3058 1188 3125 solacium

66 3185 176 3233 meum
207 3164 259 3230 uel
278 3166 405 3248 propter
428 3168 580 3229 recentem
604 3164 789 3246 petitionem
811 3164 927 3245 scripta
949 3166 1121 3245 prorogari,
1150 3180 1189 3227 ne

117 3458 130 3511 1
163 3471 228 3524 pone
255 3455 310 3510 TV
427 3452 506 3508 debet
530 3453 583 3509 sibi
609 3454 730 3508 ΜΨ
757 3458 837 3519 (corr.
863 3470 897 3510 m.
921 3458 938 3508 1
962 3454 995 3508 dn
1019 3454 1119 3520 LTV)

67 3548 249 3645 orestus
273 3576 300 3630 V
317 3591 384 3631 m.
403 3592 437 3628 m.
457 3580 473 3629 1
574 3575 724 3643 annessae
742 3576 769 3629 n
870 3575 887 3629 a
905 3575 1008 3645 reparet
1026 3575 1056 3641 (e.
1074 3590 1095 3630 e.
1115 3588 1187 3644 repe-

68 3684 152 3748 rerat)
180 3679 208 3732 T
306 3679 324 3734 4
349 3678 411 3734 iidie
438 3680 465 3733 B
566 3678 663 3749 quibus
689 3680 715 3733 T
737 3680 771 3733 irs
787 3694 842 3733 rus.
861 3680 935 3733 Μ
1036 3678 1053 3733 6
1076 3677 1187 3733 meroris

70 3784 193 3849 BPTV,
226 3784 340 3839 meroris
358 3798 392 3838 cs
409 3781 554 3838 memor-isi
572 3781 598 3836 L
621 3798 690 3837 coer.
793 3782 810 3836 8
827 3782 913 3837 nostri
930 3782 978 3837 Po
1084 3783 1100 3835 9
1120 3782 1188 3850 egri-

69 3906 163 3959 tudine
180 3903 210 3958 B
302 3902 336 3959 10
350 3916 437 3957 meror
454 3902 517 3967 LV,
533 3916 633 3956 mer-or
654 3904 680 3957 Τ
769 3903 798 3956 11
819 3905 930 3972 urgente
947 3901 973 3956 T
1056 3874 1188 3987 uuordo}

78 4008 299 4078 Vaeuproecr.
318 4012 388 4064 m.1
490 4006 523 4060 13
546 4021 642 4075 uagum
664 4007 724 4062 Te.
743 4006 761 4061 l.
778 4008 851 4061 Μ
953 4006 1187 4061 restrictiores

68 4125 122 4166 rus.
139 4127 175 4164 nr.
192 4113 213 4165 2
312 4111 345 4165 19
362 4110 521 4165 stemstione
536 4111 564 4164 B
659 4108 692 4163 21
710 4110 804 4197 estqui
820 4124 909 4179 pomo
926 4108 962 4175 B,
986 4109 1108 4179 equipere
1126 4109 1186 4177 PT,

68 4229 276 4299 aequipararet
378 4229 414 4285 24
429 4220 500 4284 “sum
519 4228 546 4282 Β
643 4232 813 4299 querelarum
830 4227 865 4294 L,
884 4228 1073 4297 quaerillarum
1092 4228 1119 4282 Β

67 4332 101 4385 25
119 4333 246 4388 solacium
263 4332 331 4399 ΡΥ,
355 4334 481 4388 solatium
499 4333 601 4388 Baro
702 4334 737 4387 26
755 4332 854 4387 scribta
871 4332 900 4386 Β
