<?xml version="1.0" encoding="UTF-8"?>
<!DOCTYPE html PUBLIC "-//W3C//DTD XHTML 1.0 Transitional//EN"
    "http://www.w3.org/TR/xhtml1/DTD/xhtml1-transitional.dtd">
<html xmlns="http://www.w3.org/1999/xhtml" xml:lang="en" lang="en">
 <head>
  <title>
</title>
<meta http-equiv="Content-Type" content="text/html;charset=utf-8" />
  <meta name='ocr-system' content='tesseract 3.04.00' />
  <meta name='ocr-capabilities' content='ocr_page ocr_carea ocr_par ocr_line ocrx_word'/>
</head>
<body>
  <div class='ocr_page' id='page_1' title='image "./corpusscriptoru13wissgoog_0233.png"; bbox 0 0 2934 4934; ppageno 0'>
   <div class='ocr_carea' id='block_1_1' title="bbox 469 404 1235 481">
    <p class='ocr_par' dir='ltr' id='par_1_1' title="bbox 469 404 1235 481">
     <span class='ocr_line' id='line_1_1' title="bbox 469 404 1235 481; baseline 0.009 -22"><span class='ocrx_word' id='word_1_1' title='bbox 469 404 708 474; x_wconf 73' lang='lat' dir='ltr'><strong>Epistularum</strong></span> <span class='ocrx_word' id='word_1_2' title='bbox 729 405 820 463; x_wconf 89' lang='lat' dir='ltr'><strong>liber</strong></span> <span class='ocrx_word' id='word_1_3' title='bbox 838 407 870 463; x_wconf 87' lang='lat' dir='ltr'><strong>V.</strong></span> <span class='ocrx_word' id='word_1_4' title='bbox 1174 413 1235 481; x_wconf 84' lang='lat'><strong>133</strong></span> 
     </span>
    </p>
   </div>
   <div class='ocr_carea' id='block_1_2' title="bbox 67 594 1235 2345">
    <p class='ocr_par' dir='ltr' id='par_1_2' title="bbox 78 594 1235 1505">
     <span class='ocr_line' id='line_1_2' title="bbox 99 594 1234 682; baseline 0.007 -24"><span class='ocrx_word' id='word_1_5' title='bbox 99 594 334 661; x_wconf 82' lang='lat' dir='ltr'><strong>conualescant.</strong></span> <span class='ocrx_word' id='word_1_6' title='bbox 356 598 503 661; x_wconf 89' lang='lat' dir='ltr'><strong>uotomm</strong></span> <span class='ocrx_word' id='word_1_7' title='bbox 524 594 667 663; x_wconf 90' lang='lat' dir='ltr'><strong>obsidem</strong></span> <span class='ocrx_word' id='word_1_8' title='bbox 688 596 822 663; x_wconf 88' lang='lat' dir='ltr'><strong>tradidit</strong></span> <span class='ocrx_word' id='word_1_9' title='bbox 843 597 1001 665; x_wconf 89' lang='lat' dir='ltr'><strong>honestati</strong></span> <span class='ocrx_word' id='word_1_10' title='bbox 1021 598 1077 682; x_wconf 88' lang='lat' dir='ltr'><strong>qui</strong></span> <span class='ocrx_word' id='word_1_11' title='bbox 1092 599 1131 665; x_wconf 87' lang='lat' dir='ltr'><strong>ed</strong></span> <span class='ocrx_word' id='word_1_12' title='bbox 1156 600 1234 667; x_wconf 93' lang='lat' dir='ltr'><strong>libe-</strong></span> 
     </span>
     <span class='ocr_line' id='line_1_3' title="bbox 97 698 1235 785; baseline 0.008 -23"><span class='ocrx_word' id='word_1_13' title='bbox 97 698 184 763; x_wconf 83' lang='lat' dir='ltr'><strong>sales</strong></span> <span class='ocrx_word' id='word_1_14' title='bbox 205 698 349 781; x_wconf 88' lang='lat' dir='ltr'><strong>adspirat</strong></span> <span class='ocrx_word' id='word_1_15' title='bbox 368 700 488 783; x_wconf 87' lang='lat' dir='ltr'><strong>superis</strong></span> <span class='ocrx_word' id='word_1_16' title='bbox 510 698 693 766; x_wconf 84' lang='lat' dir='ltr'><strong>fauentibus</strong></span> <span class='ocrx_word' id='word_1_17' title='bbox 719 700 917 785; x_wconf 86' lang='lat' dir='ltr'><strong>disciplinas:</strong></span> <span class='ocrx_word' id='word_1_18' title='bbox 941 704 1092 769; x_wconf 85' lang='lat' dir='ltr'><strong>bonarum</strong></span> <span class='ocrx_word' id='word_1_19' title='bbox 1108 702 1235 771; x_wconf 87' lang='lat' dir='ltr'><strong>affectus</strong></span> 
     </span>
     <span class='ocr_line' id='line_1_4' title="bbox 98 801 1235 889; baseline 0.006 -23"><span class='ocrx_word' id='word_1_20' title='bbox 98 801 223 867; x_wconf 86' lang='lat' dir='ltr'><strong>artium</strong></span> <span class='ocrx_word' id='word_1_21' title='bbox 245 802 351 867; x_wconf 89' lang='lat' dir='ltr'><strong>dirum</strong></span> <span class='ocrx_word' id='word_1_22' title='bbox 372 802 561 886; x_wconf 70' lang='lat' dir='ltr'><strong>dedignatur</strong></span> <span class='ocrx_word' id='word_1_23' title='bbox 582 804 760 888; x_wconf 79' lang='lat' dir='ltr'><strong>ingenium:</strong></span> <span class='ocrx_word' id='word_1_24' title='bbox 783 807 822 871; x_wconf 85' lang='lat' dir='ltr'><strong>ad</strong></span> <span class='ocrx_word' id='word_1_25' title='bbox 841 804 1035 889; x_wconf 84' lang='lat' dir='ltr'><strong>eloquentiae</strong></span> <span class='ocrx_word' id='word_1_26' title='bbox 1052 810 1235 874; x_wconf 88' lang='lat' dir='ltr'><strong>ornamenta</strong></span> 
     </span>
     <span class='ocr_line' id='line_1_5' title="bbox 98 904 1234 993; baseline 0.006 -25"><span class='ocrx_word' id='word_1_27' title='bbox 98 921 165 969; x_wconf 88' lang='lat' dir='ltr'><strong>nou</strong></span> <span class='ocrx_word' id='word_1_28' title='bbox 188 904 326 971; x_wconf 85' lang='lat' dir='ltr'><strong>tendunt</strong></span> <span class='ocrx_word' id='word_1_29' title='bbox 346 907 408 971; x_wconf 91' lang='lat' dir='ltr'><strong>nisi</strong></span> <span class='ocrx_word' id='word_1_30' title='bbox 430 907 570 973; x_wconf 87' lang='lat' dir='ltr'><strong>moribus</strong></span> <span class='ocrx_word' id='word_1_31' title='bbox 591 908 745 973; x_wconf 84' lang='lat' dir='ltr'><strong>instituti.</strong></span> <span class='ocrx_word' id='word_1_32' title='bbox 777 908 826 973; x_wconf 91' lang='lat' dir='ltr'><strong>his</strong></span> <span class='ocrx_word' id='word_1_33' title='bbox 842 907 1009 973; x_wconf 88' lang='lat' dir='ltr'><strong>Partenius</strong></span> <span class='ocrx_word' id='word_1_34' title='bbox 1033 911 1141 973; x_wconf 89' lang='lat' dir='ltr'><strong>noster</strong></span> <span class='ocrx_word' id='word_1_35' title='bbox 1161 928 1234 993; x_wconf 88' lang='lat' dir='ltr'><strong>ger-</strong></span> 
     </span>
     <span class='ocr_line' id='line_1_6' title="bbox 78 1007 1234 1094; baseline 0.007 -25"><span class='ocrx_word' id='word_1_36' title='bbox 78 1026 214 1075; x_wconf 86' lang='lat' dir='ltr'><strong>smauae</strong></span> <span class='ocrx_word' id='word_1_37' title='bbox 245 1007 332 1073; x_wconf 87' lang='lat' dir='ltr'><strong>lilius</strong></span> <span class='ocrx_word' id='word_1_38' title='bbox 352 1007 505 1075; x_wconf 88' lang='lat' dir='ltr'><strong>incitatus</strong></span> <span class='ocrx_word' id='word_1_39' title='bbox 527 1009 667 1076; x_wconf 90' lang='lat' dir='ltr'><strong>stimulis</strong></span> <span class='ocrx_word' id='word_1_40' title='bbox 688 1011 839 1089; x_wconf 87' lang='lat' dir='ltr'><strong>Romam,</strong></span> <span class='ocrx_word' id='word_1_41' title='bbox 868 1014 900 1075; x_wconf 90' lang='lat' dir='ltr'><strong>in</strong></span> <span class='ocrx_word' id='word_1_42' title='bbox 922 1028 983 1094; x_wconf 87' lang='lat' dir='ltr'><strong>qua</strong></span> <span class='ocrx_word' id='word_1_43' title='bbox 1004 1014 1054 1075; x_wconf 88' lang='lat' dir='ltr'><strong>est</strong></span> <span class='ocrx_word' id='word_1_44' title='bbox 1081 1012 1234 1077; x_wconf 87' lang='lat' dir='ltr'><strong>naturalis</strong></span> 
     </span>
     <span class='ocr_line' id='line_1_7' title="bbox 98 1110 1235 1198; baseline 0.004 -23"><span class='ocrx_word' id='word_1_45' title='bbox 98 1111 256 1191; x_wconf 79' lang='lat' dir='ltr'><strong>eruditio,</strong></span> <span class='ocrx_word' id='word_1_46' title='bbox 280 1110 412 1178; x_wconf 83' lang='lat' dir='ltr'><strong>festinat</strong></span> <span class='ocrx_word' id='word_1_47' title='bbox 433 1111 588 1191; x_wconf 83' lang='lat' dir='ltr'><strong>inuisere,</strong></span> <span class='ocrx_word' id='word_1_48' title='bbox 617 1113 668 1179; x_wconf 91' lang='lat' dir='ltr'><strong>cui</strong></span> <span class='ocrx_word' id='word_1_49' title='bbox 691 1112 921 1197; x_wconf 77' lang='lat' dir='ltr'><strong>magnitudinis</strong></span> <span class='ocrx_word' id='word_1_50' title='bbox 944 1116 1065 1179; x_wconf 70' lang='lat' dir='ltr'><strong>uestes</strong></span> <span class='ocrx_word' id='word_1_51' title='bbox 1088 1114 1235 1198; x_wconf 80' lang='lat' dir='ltr'><strong>suffragia</strong></span> 
     </span>
     <span class='ocr_line' id='line_1_8' title="bbox 97 1214 1234 1299; baseline 0.002 -19"><span class='ocrx_word' id='word_1_52' title='bbox 97 1232 173 1280; x_wconf 88' lang='lat' dir='ltr'><strong>sum</strong></span> <span class='ocrx_word' id='word_1_53' title='bbox 194 1215 328 1297; x_wconf 87' lang='lat' dir='ltr'><strong>paterna</strong></span> <span class='ocrx_word' id='word_1_54' title='bbox 348 1214 517 1298; x_wconf 87' lang='lat' dir='ltr'><strong>pollicitus.</strong></span> <span class='ocrx_word' id='word_1_55' title='bbox 541 1215 635 1281; x_wconf 92' lang='lat' dir='ltr'><strong>datur</strong></span> <span class='ocrx_word' id='word_1_56' title='bbox 657 1214 788 1281; x_wconf 79' lang='lat' dir='ltr'><strong>culmini</strong></span> <span class='ocrx_word' id='word_1_57' title='bbox 810 1217 916 1282; x_wconf 85' lang='lat' dir='ltr'><strong>usstm</strong></span> <span class='ocrx_word' id='word_1_58' title='bbox 931 1234 985 1298; x_wconf 89' lang='lat' dir='ltr'><strong>per</strong></span> <span class='ocrx_word' id='word_1_59' title='bbox 1001 1214 1234 1299; x_wconf 87' lang='lat' dir='ltr'><strong>supplicantem</strong></span> 
     </span>
     <span class='ocr_line' id='line_1_9' title="bbox 96 1316 1235 1403; baseline 0.004 -22"><span class='ocrx_word' id='word_1_60' title='bbox 96 1316 231 1401; x_wconf 88' lang='lat' dir='ltr'><strong>genius,</strong></span> <span class='ocrx_word' id='word_1_61' title='bbox 259 1316 351 1399; x_wconf 85' lang='lat' dir='ltr'><strong>dum,</strong></span> <span class='ocrx_word' id='word_1_62' title='bbox 381 1317 462 1399; x_wconf 86' lang='lat' dir='ltr'><strong>quod</strong></span> <span class='ocrx_word' id='word_1_63' title='bbox 484 1335 559 1383; x_wconf 88' lang='lat' dir='ltr'><strong>usus</strong></span> <span class='ocrx_word' id='word_1_64' title='bbox 581 1318 695 1401; x_wconf 82' lang='lat' dir='ltr'><strong>exigit,</strong></span> <span class='ocrx_word' id='word_1_65' title='bbox 724 1318 868 1403; x_wconf 90' lang='lat' dir='ltr'><strong>precibus</strong></span> <span class='ocrx_word' id='word_1_66' title='bbox 891 1318 1099 1403; x_wconf 74' lang='lat' dir='ltr'><strong>inploramus,</strong></span> <span class='ocrx_word' id='word_1_67' title='bbox 1127 1337 1184 1384; x_wconf 91' lang='lat' dir='ltr'><strong>ceu</strong></span> <span class='ocrx_word' id='word_1_68' title='bbox 1206 1320 1235 1385; x_wconf 89' lang='lat' dir='ltr'><strong>si</strong></span> 
     </span>
     <span class='ocr_line' id='line_1_10' title="bbox 99 1419 1234 1505; baseline 0.005 -22"><span class='ocrx_word' id='word_1_69' title='bbox 99 1419 172 1501; x_wconf 89' lang='lat' dir='ltr'><strong>quis</strong></span> <span class='ocrx_word' id='word_1_70' title='bbox 196 1419 304 1484; x_wconf 86' lang='lat' dir='ltr'><strong>credat</strong></span> <span class='ocrx_word' id='word_1_71' title='bbox 318 1437 353 1484; x_wconf 88' lang='lat' dir='ltr'><strong>se</strong></span> <span class='ocrx_word' id='word_1_72' title='bbox 368 1423 472 1485; x_wconf 89' lang='lat' dir='ltr'><strong>ortum</strong></span> <span class='ocrx_word' id='word_1_73' title='bbox 495 1422 578 1503; x_wconf 83' lang='lat' dir='ltr'><strong>eolis,</strong></span> <span class='ocrx_word' id='word_1_74' title='bbox 595 1438 722 1485; x_wconf 90' lang='lat' dir='ltr'><strong>cursum</strong></span> <span class='ocrx_word' id='word_1_75' title='bbox 738 1419 881 1487; x_wconf 88' lang='lat' dir='ltr'><strong>fluminis</strong></span> <span class='ocrx_word' id='word_1_76' title='bbox 903 1420 1043 1487; x_wconf 87' lang='lat' dir='ltr'><strong>oratione</strong></span> <span class='ocrx_word' id='word_1_77' title='bbox 1058 1426 1234 1505; x_wconf 88' lang='lat' dir='ltr'><strong>promereri.</strong></span> 
     </span>
    </p>

    <p class='ocr_par' dir='ltr' id='par_1_3' title="bbox 67 1520 1235 2019">
     <span class='ocr_line' id='line_1_11' title="bbox 67 1520 1234 1609; baseline 0.008 -27"><span class='ocrx_word' id='word_1_78' title='bbox 67 1540 164 1587; x_wconf 77' lang='lat' dir='ltr'><strong>runnu</strong></span> <span class='ocrx_word' id='word_1_79' title='bbox 187 1524 239 1587; x_wconf 88' lang='lat' dir='ltr'><strong>eat</strong></span> <span class='ocrx_word' id='word_1_80' title='bbox 262 1520 459 1602; x_wconf 87' lang='lat' dir='ltr'><strong>beneficium,</strong></span> <span class='ocrx_word' id='word_1_81' title='bbox 483 1522 538 1589; x_wconf 93' lang='lat' dir='ltr'><strong>ubi</strong></span> <span class='ocrx_word' id='word_1_82' title='bbox 560 1522 634 1589; x_wconf 86' lang='lat' dir='ltr'><strong>ordo</strong></span> <span class='ocrx_word' id='word_1_83' title='bbox 656 1525 816 1589; x_wconf 88' lang='lat' dir='ltr'><strong>seruatur:</strong></span> <span class='ocrx_word' id='word_1_84' title='bbox 845 1525 925 1589; x_wconf 87' lang='lat' dir='ltr'><strong>mori</strong></span> <span class='ocrx_word' id='word_1_85' title='bbox 948 1523 1129 1607; x_wconf 76' lang='lat' dir='ltr'><strong>obsequitur</strong></span> <span class='ocrx_word' id='word_1_86' title='bbox 1151 1527 1234 1609; x_wconf 89' lang='lat' dir='ltr'><strong>quod</strong></span> 
     </span>
     <span class='ocr_line' id='line_1_12' title="bbox 98 1626 1234 1711; baseline 0.004 -20"><span class='ocrx_word' id='word_1_87' title='bbox 98 1626 224 1709; x_wconf 87' lang='lat' dir='ltr'><strong>obligat</strong></span> <span class='ocrx_word' id='word_1_88' title='bbox 245 1626 419 1691; x_wconf 88' lang='lat' dir='ltr'><strong>uniuersos.</strong></span> <span class='ocrx_word' id='word_1_89' title='bbox 442 1645 500 1711; x_wconf 89' lang='lat' dir='ltr'><strong>ego</strong></span> <span class='ocrx_word' id='word_1_90' title='bbox 523 1628 629 1692; x_wconf 81' lang='lat' dir='ltr'><strong>tamen</strong></span> <span class='ocrx_word' id='word_1_91' title='bbox 649 1646 746 1710; x_wconf 87' lang='lat' dir='ltr'><strong>supra</strong></span> <span class='ocrx_word' id='word_1_92' title='bbox 760 1645 894 1705; x_wconf 88' lang='lat' dir='ltr'><strong>cursum,</strong></span> <span class='ocrx_word' id='word_1_93' title='bbox 917 1646 936 1691; x_wconf 89' lang='lat' dir='ltr'><strong>a</strong></span> <span class='ocrx_word' id='word_1_94' title='bbox 956 1643 1018 1709; x_wconf 88' lang='lat' dir='ltr'><strong>quo</strong></span> <span class='ocrx_word' id='word_1_95' title='bbox 1040 1645 1234 1711; x_wconf 84' lang='lat' dir='ltr'><strong>nequaquam</strong></span> 
     </span>
     <span class='ocr_line' id='line_1_13' title="bbox 97 1728 1235 1814; baseline 0.004 -20"><span class='ocrx_word' id='word_1_96' title='bbox 97 1728 275 1807; x_wconf 87' lang='lat' dir='ltr'><strong>disceditis,</strong></span> <span class='ocrx_word' id='word_1_97' title='bbox 298 1728 416 1812; x_wconf 86' lang='lat' dir='ltr'><strong>aliquid</strong></span> <span class='ocrx_word' id='word_1_98' title='bbox 432 1729 616 1811; x_wconf 88' lang='lat' dir='ltr'><strong>accepturus</strong></span> <span class='ocrx_word' id='word_1_99' title='bbox 632 1746 769 1795; x_wconf 87' lang='lat' dir='ltr'><strong>occurro.</strong></span> <span class='ocrx_word' id='word_1_100' title='bbox 803 1729 901 1795; x_wconf 75' lang='lat' dir='ltr'><strong>duexi</strong></span> <span class='ocrx_word' id='word_1_101' title='bbox 922 1745 1095 1811; x_wconf 84' lang='lat' dir='ltr'><strong>personam,</strong></span> <span class='ocrx_word' id='word_1_102' title='bbox 1117 1730 1151 1797; x_wconf 92' lang='lat' dir='ltr'><strong>in</strong></span> <span class='ocrx_word' id='word_1_103' title='bbox 1173 1749 1235 1814; x_wconf 86' lang='lat' dir='ltr'><strong>qua</strong></span> 
     </span>
     <span class='ocr_line' id='line_1_14' title="bbox 99 1831 1233 1899; baseline 0.003 -3"><span class='ocrx_word' id='word_1_104' title='bbox 99 1832 289 1897; x_wconf 88' lang='lat' dir='ltr'><strong>meritorum</strong></span> <span class='ocrx_word' id='word_1_105' title='bbox 309 1848 451 1897; x_wconf 87' lang='lat' dir='ltr'><strong>meorum</strong></span> <span class='ocrx_word' id='word_1_106' title='bbox 473 1832 575 1897; x_wconf 87' lang='lat' dir='ltr'><strong>status</strong></span> <span class='ocrx_word' id='word_1_107' title='bbox 598 1832 792 1897; x_wconf 74' lang='lat' dir='ltr'><strong>aestimetur.</strong></span> <span class='ocrx_word' id='word_1_108' title='bbox 820 1832 898 1897; x_wconf 85' lang='lat' dir='ltr'><strong>alios</strong></span> <span class='ocrx_word' id='word_1_109' title='bbox 920 1831 1053 1897; x_wconf 87' lang='lat' dir='ltr'><strong>forsitan</strong></span> <span class='ocrx_word' id='word_1_110' title='bbox 1075 1850 1233 1899; x_wconf 87' lang='lat' dir='ltr'><strong>commen·</strong></span> 
     </span>
     <span class='ocr_line' id='line_1_15' title="bbox 99 1933 1234 2019; baseline 0.004 -21"><span class='ocrx_word' id='word_1_111' title='bbox 99 1933 186 2001; x_wconf 88' lang='lat' dir='ltr'><strong>datio</strong></span> <span class='ocrx_word' id='word_1_112' title='bbox 208 1936 298 2000; x_wconf 90' lang='lat' dir='ltr'><strong>iuuet</strong></span> <span class='ocrx_word' id='word_1_113' title='bbox 319 1934 474 2001; x_wconf 87' lang='lat' dir='ltr'><strong>indebita:</strong></span> <span class='ocrx_word' id='word_1_114' title='bbox 505 1934 688 2017; x_wconf 88' lang='lat' dir='ltr'><strong>parentibus</strong></span> <span class='ocrx_word' id='word_1_115' title='bbox 710 1935 816 2001; x_wconf 91' lang='lat' dir='ltr'><strong>miuus</strong></span> <span class='ocrx_word' id='word_1_116' title='bbox 839 1937 888 2001; x_wconf 92' lang='lat' dir='ltr'><strong>est</strong></span> <span class='ocrx_word' id='word_1_117' title='bbox 914 1934 1061 2019; x_wconf 88' lang='lat' dir='ltr'><strong>quicquid</strong></span> <span class='ocrx_word' id='word_1_118' title='bbox 1089 1954 1234 2019; x_wconf 88' lang='lat' dir='ltr'><strong>superare</strong></span> 
     </span>
    </p>

    <p class='ocr_par' dir='ltr' id='par_1_4' title="bbox 68 2036 1234 2345">
     <span class='ocr_line' id='line_1_16' title="bbox 68 2036 1232 2121; baseline 0.003 -20"><span class='ocrx_word' id='word_1_119' title='bbox 68 2052 161 2102; x_wconf 75' lang='lat' dir='ltr'><strong>anon</strong></span> <span class='ocrx_word' id='word_1_120' title='bbox 183 2054 361 2121; x_wconf 82' lang='lat' dir='ltr'><strong>possumus.</strong></span> <span class='ocrx_word' id='word_1_121' title='bbox 382 2038 506 2103; x_wconf 90' lang='lat' dir='ltr'><strong>dominc</strong></span> <span class='ocrx_word' id='word_1_122' title='bbox 528 2038 584 2112; x_wconf 89' lang='lat' dir='ltr'><strong>mi,</strong></span> <span class='ocrx_word' id='word_1_123' title='bbox 611 2036 743 2103; x_wconf 89' lang='lat' dir='ltr'><strong>seruitia</strong></span> <span class='ocrx_word' id='word_1_124' title='bbox 763 2037 961 2103; x_wconf 86' lang='lat' dir='ltr'><strong>salutationis</strong></span> <span class='ocrx_word' id='word_1_125' title='bbox 983 2040 1232 2121; x_wconf 86' lang='lat' dir='ltr'><strong>repraesentans,</strong></span> 
     </span>
     <span class='ocr_line' id='line_1_17' title="bbox 97 2139 1234 2227; baseline 0.003 -22"><span class='ocrx_word' id='word_1_126' title='bbox 97 2139 287 2223; x_wconf 78' lang='lat' dir='ltr'><strong>portitorem</strong></span> <span class='ocrx_word' id='word_1_127' title='bbox 301 2140 409 2223; x_wconf 86' lang='lat' dir='ltr'><strong>paucis</strong></span> <span class='ocrx_word' id='word_1_128' title='bbox 426 2140 552 2223; x_wconf 86' lang='lat' dir='ltr'><strong>eiusque</strong></span> <span class='ocrx_word' id='word_1_129' title='bbox 566 2139 728 2223; x_wconf 88' lang='lat' dir='ltr'><strong>negotium</strong></span> <span class='ocrx_word' id='word_1_130' title='bbox 743 2140 894 2221; x_wconf 81' lang='lat' dir='ltr'><strong>elocutus,</strong></span> <span class='ocrx_word' id='word_1_131' title='bbox 910 2142 1008 2207; x_wconf 87' lang='lat' dir='ltr'><strong>restat</strong></span> <span class='ocrx_word' id='word_1_132' title='bbox 1020 2145 1056 2206; x_wconf 90' lang='lat' dir='ltr'><strong>ut</strong></span> <span class='ocrx_word' id='word_1_133' title='bbox 1068 2160 1234 2227; x_wconf 80' lang='lat' dir='ltr'><strong>agnoscam</strong></span> 
     </span>
     <span class='ocr_line' id='line_1_18' title="bbox 99 2243 890 2345; baseline -0.003 -36"><span class='ocrx_word' id='word_1_134' title='bbox 99 2243 176 2325; x_wconf 91' lang='lat' dir='ltr'><strong>quid</strong></span> <span class='ocrx_word' id='word_1_135' title='bbox 198 2246 359 2307; x_wconf 90' lang='lat' dir='ltr'><strong>mereatur</strong></span> <span class='ocrx_word' id='word_1_136' title='bbox 380 2259 513 2327; x_wconf 88' lang='lat' dir='ltr'><strong>persona</strong></span> <span class='ocrx_word' id='word_1_137' title='bbox 533 2260 629 2309; x_wconf 89' lang='lat' dir='ltr'><strong>causa</strong></span> <span class='ocrx_word' id='word_1_138' title='bbox 653 2244 847 2325; x_wconf 84' lang='lat' dir='ltr'><strong>proximitas.</strong></span> <span class='ocrx_word' id='word_1_139' title='bbox 883 2326 890 2345; x_wconf 22' lang='grc' dir='ltr'>ἱ</span> 
     </span>
    </p>
   </div>
   <div class='ocr_carea' id='block_1_3' title="bbox 392 2430 941 2621">
    <p class='ocr_par' dir='ltr' id='par_1_5' title="bbox 392 2430 941 2621">
     <span class='ocr_line' id='line_1_19' title="bbox 647 2430 687 2495; baseline -0.025 0"><span class='ocrx_word' id='word_1_140' title='bbox 647 2430 687 2495; x_wconf 87' lang='grc' dir='ltr'><strong>Χ.</strong></span> 
     </span>
     <span class='ocr_line' id='line_1_20' title="bbox 392 2562 941 2621; baseline 0 -2"><span class='ocrx_word' id='word_1_141' title='bbox 392 2562 594 2620; x_wconf 78' lang='lat' dir='ltr'>SYMMACHO</span> <span class='ocrx_word' id='word_1_142' title='bbox 612 2563 729 2620; x_wconf 78' lang='lat' dir='ltr'>PAPAE</span> <span class='ocrx_word' id='word_1_143' title='bbox 747 2564 941 2621; x_wconf 78' lang='lat' dir='ltr'><strong>ENNODIVS.</strong></span> 
     </span>
    </p>
   </div>
   <div class='ocr_carea' id='block_1_4' title="bbox 67 2687 1235 3183">
    <p class='ocr_par' dir='ltr' id='par_1_6' title="bbox 67 2687 1235 3183">
     <span class='ocr_line' id='line_1_21' title="bbox 67 2687 1235 2771; baseline 0.003 -23"><span class='ocrx_word' id='word_1_144' title='bbox 67 2708 92 2748; x_wconf 78' lang='lat' dir='ltr'><strong>a</strong></span> <span class='ocrx_word' id='word_1_145' title='bbox 140 2687 230 2754; x_wconf 90' lang='lat' dir='ltr'><strong>Dum</strong></span> <span class='ocrx_word' id='word_1_146' title='bbox 251 2689 357 2754; x_wconf 89' lang='lat' dir='ltr'><strong>sedem</strong></span> <span class='ocrx_word' id='word_1_147' title='bbox 379 2687 582 2771; x_wconf 90' lang='lat' dir='ltr'><strong>apostolicam</strong></span> <span class='ocrx_word' id='word_1_148' title='bbox 604 2706 736 2754; x_wconf 79' lang='lat' dir='ltr'><strong>mrouae</strong></span> <span class='ocrx_word' id='word_1_149' title='bbox 757 2691 881 2755; x_wconf 87' lang='lat' dir='ltr'><strong>uestrae</strong></span> <span class='ocrx_word' id='word_1_150' title='bbox 904 2706 980 2753; x_wconf 88' lang='lat' dir='ltr'><strong>cura</strong></span> <span class='ocrx_word' id='word_1_151' title='bbox 999 2688 1179 2753; x_wconf 89' lang='lat' dir='ltr'><strong>moderatur</strong></span> <span class='ocrx_word' id='word_1_152' title='bbox 1201 2688 1235 2751; x_wconf 92' lang='lat' dir='ltr'><strong>et</strong></span> 
     </span>
     <span class='ocr_line' id='line_1_22' title="bbox 100 2788 1233 2875; baseline -0.004 -18"><span class='ocrx_word' id='word_1_153' title='bbox 100 2791 245 2858; x_wconf 87' lang='lat' dir='ltr'><strong>caelestis</strong></span> <span class='ocrx_word' id='word_1_154' title='bbox 259 2791 382 2874; x_wconf 88' lang='lat' dir='ltr'><strong>imperii</strong></span> <span class='ocrx_word' id='word_1_155' title='bbox 397 2792 518 2875; x_wconf 89' lang='lat' dir='ltr'><strong>apicem</strong></span> <span class='ocrx_word' id='word_1_156' title='bbox 533 2790 654 2875; x_wconf 86' lang='lat' dir='ltr'><strong>regitis,</strong></span> <span class='ocrx_word' id='word_1_157' title='bbox 678 2790 841 2857; x_wconf 84' lang='lat' dir='ltr'><strong>blanditur</strong></span> <span class='ocrx_word' id='word_1_158' title='bbox 854 2788 1047 2875; x_wconf 79' lang='lat' dir='ltr'><strong>profectibus</strong></span> <span class='ocrx_word' id='word_1_159' title='bbox 1067 2792 1233 2872; x_wconf 89' lang='lat' dir='ltr'><strong>parentum</strong></span> 
     </span>
     <span class='ocr_line' id='line_1_23' title="bbox 100 2890 1234 2977; baseline -0.003 -17"><span class='ocrx_word' id='word_1_160' title='bbox 100 2894 182 2976; x_wconf 91' lang='lat' dir='ltr'><strong>quod</strong></span> <span class='ocrx_word' id='word_1_161' title='bbox 204 2893 285 2959; x_wconf 87' lang='lat' dir='ltr'><strong>meis</strong></span> <span class='ocrx_word' id='word_1_162' title='bbox 306 2895 492 2977; x_wconf 90' lang='lat' dir='ltr'><strong>promissum</strong></span> <span class='ocrx_word' id='word_1_163' title='bbox 514 2895 639 2959; x_wconf 86' lang='lat' dir='ltr'><strong>tenetur</strong></span> <span class='ocrx_word' id='word_1_164' title='bbox 662 2892 786 2960; x_wconf 83' lang='lat' dir='ltr'><strong>officiis.</strong></span> <span class='ocrx_word' id='word_1_165' title='bbox 820 2912 907 2977; x_wconf 89' lang='lat' dir='ltr'><strong>spem</strong></span> <span class='ocrx_word' id='word_1_166' title='bbox 930 2894 997 2959; x_wconf 90' lang='lat' dir='ltr'><strong>siue</strong></span> <span class='ocrx_word' id='word_1_167' title='bbox 1020 2890 1091 2958; x_wconf 89' lang='lat' dir='ltr'><strong>labe</strong></span> <span class='ocrx_word' id='word_1_168' title='bbox 1114 2890 1234 2957; x_wconf 87' lang='lat' dir='ltr'><strong>obtinet</strong></span> 
     </span>
     <span class='ocr_line' id='line_1_24' title="bbox 99 2994 1235 3081; baseline -0.003 -18"><span class='ocrx_word' id='word_1_169' title='bbox 99 3000 182 3081; x_wconf 88' lang='lat' dir='ltr'><strong>apud</strong></span> <span class='ocrx_word' id='word_1_170' title='bbox 206 3001 403 3064; x_wconf 75' lang='lat' dir='ltr'><strong>constantem</strong></span> <span class='ocrx_word' id='word_1_171' title='bbox 426 2999 531 3063; x_wconf 89' lang='lat' dir='ltr'><strong>uirum</strong></span> <span class='ocrx_word' id='word_1_172' title='bbox 553 2996 688 3064; x_wconf 84' lang='lat' dir='ltr'><strong>fideliter</strong></span> <span class='ocrx_word' id='word_1_173' title='bbox 711 2997 886 3063; x_wconf 85' lang='lat' dir='ltr'><strong>obsecutus.</strong></span> <span class='ocrx_word' id='word_1_174' title='bbox 914 2994 1041 3079; x_wconf 63' lang='lat' dir='ltr'><strong>mandis</strong></span> <span class='ocrx_word' id='word_1_175' title='bbox 1058 2996 1105 3061; x_wconf 89' lang='lat' dir='ltr'><strong>est</strong></span> <span class='ocrx_word' id='word_1_176' title='bbox 1121 3012 1235 3078; x_wconf 90' lang='lat' dir='ltr'><strong>pompa</strong></span> 
     </span>
     <span class='ocr_line' id='line_1_25' title="bbox 98 3098 1232 3183; baseline -0.004 -16"><span class='ocrx_word' id='word_1_177' title='bbox 98 3101 307 3182; x_wconf 86' lang='lat' dir='ltr'><strong>praestantis,</strong></span> <span class='ocrx_word' id='word_1_178' title='bbox 340 3100 485 3183; x_wconf 88' lang='lat' dir='ltr'><strong>quotiens</strong></span> <span class='ocrx_word' id='word_1_179' title='bbox 515 3104 596 3182; x_wconf 90' lang='lat' dir='ltr'><strong>quod</strong></span> <span class='ocrx_word' id='word_1_180' title='bbox 624 3119 706 3167; x_wconf 92' lang='lat' dir='ltr'><strong>unus</strong></span> <span class='ocrx_word' id='word_1_181' title='bbox 728 3100 844 3165; x_wconf 88' lang='lat' dir='ltr'><strong>meruit</strong></span> <span class='ocrx_word' id='word_1_182' title='bbox 872 3098 1018 3182; x_wconf 90' lang='lat' dir='ltr'><strong>plurimis</strong></span> <span class='ocrx_word' id='word_1_183' title='bbox 1041 3099 1232 3181; x_wconf 89' lang='lat' dir='ltr'><strong>repensatur.</strong></span> 
     </span>
    </p>
   </div>
   <div class='ocr_carea' id='block_1_5' title="bbox 151 3311 1235 3424">
    <p class='ocr_par' dir='ltr' id='par_1_7' title="bbox 151 3311 1235 3424">
     <span class='ocr_line' id='line_1_26' title="bbox 151 3311 1235 3424; baseline 0 -33"><span class='ocrx_word' id='word_1_184' title='bbox 151 3340 166 3391; x_wconf 91' lang='lat'>1</span> <span class='ocrx_word' id='word_1_185' title='bbox 190 3311 361 3424; x_wconf 52' lang='lat' dir='ltr'><strong>§mame</strong></span> <span class='ocrx_word' id='word_1_186' title='bbox 383 3339 414 3406; x_wconf 82' lang='lat' dir='ltr'><strong>V,</strong></span> <span class='ocrx_word' id='word_1_187' title='bbox 442 3338 710 3395; x_wconf 67' lang='lat' dir='ltr'><strong>carnunculam</strong></span> <span class='ocrx_word' id='word_1_188' title='bbox 812 3337 936 3394; x_wconf 65' lang='lat' dir='ltr'><strong>uacans</strong></span> <span class='ocrx_word' id='word_1_189' title='bbox 954 3338 982 3393; x_wconf 81' lang='lat' dir='ltr'><strong>a</strong></span> <span class='ocrx_word' id='word_1_190' title='bbox 1086 3336 1235 3392; x_wconf 71' lang='lat' dir='ltr'><strong>sanusne</strong></span> 
     </span>
    </p>
   </div>
   <div class='ocr_carea' id='block_1_6' title="bbox 97 3440 1235 3857">
    <p class='ocr_par' dir='ltr' id='par_1_8' title="bbox 97 3440 1235 3857">
     <span class='ocr_line' id='line_1_27' title="bbox 98 3440 1234 3512; baseline -0.003 -16"><span class='ocrx_word' id='word_1_191' title='bbox 98 3442 147 3499; x_wconf 89' lang='lat' dir='ltr'><strong>Pb</strong></span> <span class='ocrx_word' id='word_1_192' title='bbox 249 3443 305 3498; x_wconf 89' lang='lat' dir='ltr'><strong>uisi</strong></span> <span class='ocrx_word' id='word_1_193' title='bbox 328 3460 362 3499; x_wconf 74' lang='lat' dir='ltr'><strong>cc</strong></span> <span class='ocrx_word' id='word_1_194' title='bbox 385 3442 437 3498; x_wconf 90' lang='lat' dir='ltr'><strong>tibi</strong></span> <span class='ocrx_word' id='word_1_195' title='bbox 464 3444 577 3499; x_wconf 67' lang='lat' dir='ltr'><strong>Tm</strong></span> <span class='ocrx_word' id='word_1_196' title='bbox 680 3443 818 3512; x_wconf 85' lang='lat' dir='ltr'><strong>germinae</strong></span> <span class='ocrx_word' id='word_1_197' title='bbox 848 3442 876 3497; x_wconf 86' lang='lat' dir='ltr'><em>B</em></span> <span class='ocrx_word' id='word_1_198' title='bbox 978 3442 995 3496; x_wconf 77' lang='lat'>5</span> <span class='ocrx_word' id='word_1_199' title='bbox 1022 3457 1089 3512; x_wconf 73' lang='lat' dir='ltr'><strong>quas</strong></span> <span class='ocrx_word' id='word_1_200' title='bbox 1112 3442 1136 3508; x_wconf 92' lang='lat' dir='ltr'><strong>(t</strong></span> <span class='ocrx_word' id='word_1_201' title='bbox 1153 3440 1234 3507; x_wconf 77' lang='lat' dir='ltr'><strong>crac)</strong></span> 
     </span>
     <span class='ocr_line' id='line_1_28' title="bbox 99 3524 1233 3599; baseline -0.007 -13"><span class='ocrx_word' id='word_1_202' title='bbox 99 3530 126 3585; x_wconf 99' lang='lat' dir='ltr'><strong><em>L</em></strong></span> <span class='ocrx_word' id='word_1_203' title='bbox 223 3531 244 3586; x_wconf 89' lang='lat'>8</span> <span class='ocrx_word' id='word_1_204' title='bbox 261 3544 347 3599; x_wconf 88' lang='lat' dir='ltr'><strong>genus</strong></span> <span class='ocrx_word' id='word_1_205' title='bbox 368 3528 404 3583; x_wconf 85' lang='lat' dir='ltr'><strong>T¹</strong></span> <span class='ocrx_word' id='word_1_206' title='bbox 502 3527 593 3598; x_wconf 83' lang='lat' dir='ltr'><strong>eriget</strong></span> <span class='ocrx_word' id='word_1_207' title='bbox 609 3528 638 3583; x_wconf 87' lang='lat' dir='ltr'><strong><em>B</em></strong></span> <span class='ocrx_word' id='word_1_208' title='bbox 737 3528 754 3581; x_wconf 87' lang='grc'>9</span> <span class='ocrx_word' id='word_1_209' title='bbox 772 3526 882 3583; x_wconf 88' lang='lat' dir='ltr'><strong>bortum</strong></span> <span class='ocrx_word' id='word_1_210' title='bbox 901 3528 929 3583; x_wconf 91' lang='lat' dir='ltr'><em>B</em></span> <span class='ocrx_word' id='word_1_211' title='bbox 1029 3526 1062 3582; x_wconf 89' lang='grc'><strong>10</strong></span> <span class='ocrx_word' id='word_1_212' title='bbox 1079 3524 1233 3581; x_wconf 85' lang='lat' dir='ltr'><strong>benificium</strong></span> 
     </span>
     <span class='ocr_line' id='line_1_29' title="bbox 99 3609 1234 3679; baseline -0.004 -10"><span class='ocrx_word' id='word_1_213' title='bbox 99 3613 128 3669; x_wconf 90' lang='lat' dir='ltr'><em>B</em></span> <span class='ocrx_word' id='word_1_214' title='bbox 232 3616 265 3671; x_wconf 91' lang='lat'><strong>11</strong></span> <span class='ocrx_word' id='word_1_215' title='bbox 284 3616 425 3671; x_wconf 90' lang='lat' dir='ltr'><strong>uniuersus</strong></span> <span class='ocrx_word' id='word_1_216' title='bbox 442 3614 471 3669; x_wconf 88' lang='grc' dir='ltr'><strong>Β</strong></span> <span class='ocrx_word' id='word_1_217' title='bbox 576 3615 609 3669; x_wconf 98' lang='grc'><strong>12</strong></span> <span class='ocrx_word' id='word_1_218' title='bbox 626 3613 765 3670; x_wconf 78' lang='lat' dir='ltr'><strong>disceditis</strong></span> <span class='ocrx_word' id='word_1_219' title='bbox 783 3614 845 3679; x_wconf 86' lang='lat' dir='ltr'><strong>Pb,</strong></span> <span class='ocrx_word' id='word_1_220' title='bbox 872 3612 1017 3669; x_wconf 83' lang='lat' dir='ltr'><strong>discedatis</strong></span> <span class='ocrx_word' id='word_1_221' title='bbox 1035 3612 1070 3677; x_wconf 86' lang='lat' dir='ltr'><strong>B,</strong></span> <span class='ocrx_word' id='word_1_222' title='bbox 1099 3609 1234 3665; x_wconf 86' lang='lat' dir='ltr'><strong>disciditis</strong></span> 
     </span>
     <span class='ocr_line' id='line_1_30' title="bbox 98 3696 1235 3765; baseline -0.004 -10"><span class='ocrx_word' id='word_1_223' title='bbox 98 3700 184 3756; x_wconf 86' lang='lat' dir='ltr'><strong>LTV</strong></span> <span class='ocrx_word' id='word_1_224' title='bbox 276 3701 311 3755; x_wconf 83' lang='lat'><strong>13</strong></span> <span class='ocrx_word' id='word_1_225' title='bbox 328 3702 450 3755; x_wconf 84' lang='lat' dir='ltr'><strong>statutus</strong></span> <span class='ocrx_word' id='word_1_226' title='bbox 467 3700 495 3756; x_wconf 91' lang='lat' dir='ltr'><strong><em>L</em></strong></span> <span class='ocrx_word' id='word_1_227' title='bbox 589 3699 661 3755; x_wconf 89' lang='lat' dir='ltr'><strong>alius</strong></span> <span class='ocrx_word' id='word_1_228' title='bbox 678 3699 705 3754; x_wconf 87' lang='lat' dir='ltr'><strong><em>B</em></strong></span> <span class='ocrx_word' id='word_1_229' title='bbox 801 3700 836 3755; x_wconf 85' lang='lat'><strong>14</strong></span> <span class='ocrx_word' id='word_1_230' title='bbox 851 3698 928 3755; x_wconf 89' lang='lat' dir='ltr'><strong>iubet</strong></span> <span class='ocrx_word' id='word_1_231' title='bbox 946 3698 983 3765; x_wconf 89' lang='grc' dir='ltr'><strong>Β,</strong></span> <span class='ocrx_word' id='word_1_232' title='bbox 1001 3698 1093 3753; x_wconf 71' lang='lat' dir='ltr'><strong>iusuet</strong></span> <span class='ocrx_word' id='word_1_233' title='bbox 1111 3696 1140 3765; x_wconf 84' lang='lat' dir='ltr'><strong>(b</strong></span> <span class='ocrx_word' id='word_1_234' title='bbox 1152 3700 1235 3765; x_wconf 82' lang='lat' dir='ltr'><strong>crae.)</strong></span> 
     </span>
     <span class='ocr_line' id='line_1_31' title="bbox 97 3783 1234 3857; baseline -0.005 -16"><span class='ocrx_word' id='word_1_235' title='bbox 97 3786 126 3841; x_wconf 83' lang='lat'><strong>1.</strong></span> <span class='ocrx_word' id='word_1_236' title='bbox 225 3803 327 3841; x_wconf 89' lang='lat' dir='ltr'><strong>munus</strong></span> <span class='ocrx_word' id='word_1_237' title='bbox 344 3787 360 3841; x_wconf 90' lang='lat' dir='ltr'><strong>b</strong></span> <span class='ocrx_word' id='word_1_238' title='bbox 377 3786 426 3842; x_wconf 78' lang='lat' dir='ltr'><strong>aad</strong></span> <span class='ocrx_word' id='word_1_239' title='bbox 443 3786 533 3842; x_wconf 88' lang='lat' dir='ltr'><strong>miuus</strong></span> <span class='ocrx_word' id='word_1_240' title='bbox 549 3788 583 3841; x_wconf 75' lang='lat' dir='ltr'><strong>in</strong></span> <span class='ocrx_word' id='word_1_241' title='bbox 599 3803 652 3857; x_wconf 78' lang='lat' dir='ltr'><strong>mg.</strong></span> <span class='ocrx_word' id='word_1_242' title='bbox 758 3786 790 3841; x_wconf 85' lang='grc'><strong>15</strong></span> <span class='ocrx_word' id='word_1_243' title='bbox 807 3784 878 3840; x_wconf 89' lang='lat' dir='ltr'><strong>mibi</strong></span> <span class='ocrx_word' id='word_1_244' title='bbox 895 3783 984 3840; x_wconf 86' lang='lat' dir='ltr'><strong>BLV</strong></span> <span class='ocrx_word' id='word_1_245' title='bbox 1083 3797 1234 3851; x_wconf 89' lang='lat' dir='ltr'><strong>repraesen-</strong></span> 
     </span>
    </p>
   </div>
   <div class='ocr_carea' id='block_1_7' title="bbox 98 3880 594 3977">
    <p class='ocr_par' dir='ltr' id='par_1_9' title="bbox 98 3880 594 3977">
     <span class='ocr_line' id='line_1_32' title="bbox 98 3880 594 3977; baseline 0.004 -16"><span class='ocrx_word' id='word_1_246' title='bbox 98 3880 143 3961; x_wconf 71' lang='lat' dir='ltr'><strong>al</strong></span> <span class='ocrx_word' id='word_1_247' title='bbox 161 3908 189 3963; x_wconf 81' lang='grc'><strong>1</strong></span> <span class='ocrx_word' id='word_1_248' title='bbox 294 3908 327 3963; x_wconf 82' lang='lat' dir='ltr'><strong>u</strong></span> <span class='ocrx_word' id='word_1_249' title='bbox 345 3907 527 3977; x_wconf 65' lang='lat' dir='ltr'><strong>peameca</strong></span> <span class='ocrx_word' id='word_1_250' title='bbox 546 3908 594 3963; x_wconf 82' lang='lat' dir='ltr'><strong>Po</strong></span> 
     </span>
    </p>
   </div>
   <div class='ocr_carea' id='block_1_8' title="bbox 150 4004 1238 4081">
    <p class='ocr_par' dir='ltr' id='par_1_10' title="bbox 150 4004 1238 4081">
     <span class='ocr_line' id='line_1_33' title="bbox 150 4004 1238 4081; baseline -0.005 -17"><span class='ocrx_word' id='word_1_251' title='bbox 150 4009 462 4081; x_wconf 69' lang='lat' dir='ltr'><strong>xresymaehoa</strong></span> <span class='ocrx_word' id='word_1_252' title='bbox 575 4010 752 4065; x_wconf 69' lang='lat' dir='ltr'><strong>aemma</strong></span> <span class='ocrx_word' id='word_1_253' title='bbox 860 4004 1238 4063; x_wconf 77' lang='lat' dir='ltr'><strong>sedameusecunduml&#39;</strong></span> 
     </span>
    </p>
   </div>
   <div class='ocr_carea' id='block_1_9' title="bbox 96 4090 1235 4211">
    <p class='ocr_par' dir='ltr' id='par_1_11' title="bbox 96 4090 1235 4211">
     <span class='ocr_line' id='line_1_34' title="bbox 96 4090 1235 4211; baseline -0.009 -22"><span class='ocrx_word' id='word_1_254' title='bbox 96 4136 175 4189; x_wconf 64' lang='grc'><strong>1112</strong></span> <span class='ocrx_word' id='word_1_255' title='bbox 274 4131 430 4189; x_wconf 77' lang='lat' dir='ltr'><strong>moderatur</strong></span> <span class='ocrx_word' id='word_1_256' title='bbox 448 4132 499 4200; x_wconf 84' lang='lat' dir='ltr'><strong>Bb,</strong></span> <span class='ocrx_word' id='word_1_257' title='bbox 525 4130 681 4187; x_wconf 85' lang='lat' dir='ltr'><strong>moderetur</strong></span> <span class='ocrx_word' id='word_1_258' title='bbox 698 4130 812 4187; x_wconf 79' lang='lat' dir='ltr'><strong><em>LPTV</em></strong></span> <span class='ocrx_word' id='word_1_259' title='bbox 910 4128 944 4183; x_wconf 82' lang='lat'><strong>21</strong></span> <span class='ocrx_word' id='word_1_260' title='bbox 963 4128 1063 4198; x_wconf 80' lang='lat' dir='ltr'><strong>regetis</strong></span> <span class='ocrx_word' id='word_1_261' title='bbox 1080 4127 1116 4195; x_wconf 88' lang='lat' dir='ltr'><strong>B,</strong></span> <span class='ocrx_word' id='word_1_262' title='bbox 1133 4090 1235 4211; x_wconf 35' lang='lat' dir='ltr'><strong>rogitetis</strong></span> 
     </span>
    </p>
   </div>
   <div class='ocr_carea' id='block_1_10' title="bbox 97 4225 1237 4407">
    <p class='ocr_par' dir='ltr' id='par_1_12' title="bbox 97 4225 1237 4407">
     <span class='ocr_line' id='line_1_35' title="bbox 99 4225 1237 4321; baseline -0.005 -14"><span class='ocrx_word' id='word_1_263' title='bbox 99 4254 127 4307; x_wconf 83' lang='lat' dir='ltr'><strong>n</strong></span> <span class='ocrx_word' id='word_1_264' title='bbox 230 4252 265 4307; x_wconf 91' lang='grc'><strong>11</strong></span> <span class='ocrx_word' id='word_1_265' title='bbox 281 4225 348 4321; x_wconf 73' lang='lat' dir='ltr'><strong>quia</strong></span> <span class='ocrx_word' id='word_1_266' title='bbox 364 4254 393 4309; x_wconf 82' lang='lat' dir='ltr'><strong>a</strong></span> <span class='ocrx_word' id='word_1_267' title='bbox 496 4253 572 4307; x_wconf 72' lang='lat' dir='ltr'><strong>ecee</strong></span> <span class='ocrx_word' id='word_1_268' title='bbox 587 4252 616 4307; x_wconf 82' lang='lat' dir='ltr'><strong>a</strong></span> <span class='ocrx_word' id='word_1_269' title='bbox 716 4248 786 4320; x_wconf 77' lang='lat' dir='ltr'><strong>aas]</strong></span> <span class='ocrx_word' id='word_1_270' title='bbox 804 4249 893 4305; x_wconf 66' lang='lat' dir='ltr'><strong>neme</strong></span> <span class='ocrx_word' id='word_1_271' title='bbox 911 4248 958 4303; x_wconf 77' lang='lat' dir='ltr'><strong>no</strong></span> <span class='ocrx_word' id='word_1_272' title='bbox 1061 4246 1096 4303; x_wconf 82' lang='lat' dir='ltr'><strong>ae</strong></span> <span class='ocrx_word' id='word_1_273' title='bbox 1113 4246 1237 4301; x_wconf 68' lang='lat' dir='ltr'><strong>receset</strong></span> 
     </span>
     <span class='ocr_line' id='line_1_36' title="bbox 97 4335 806 4407; baseline -0.01 -12"><span class='ocrx_word' id='word_1_274' title='bbox 97 4339 128 4395; x_wconf 92' lang='grc' dir='ltr'><strong><em>Β</em></strong></span> <span class='ocrx_word' id='word_1_275' title='bbox 233 4338 268 4392; x_wconf 87' lang='grc'><strong>24</strong></span> <span class='ocrx_word' id='word_1_276' title='bbox 284 4338 478 4407; x_wconf 84' lang='lat' dir='ltr'><strong>prestantisB</strong></span> <span class='ocrx_word' id='word_1_277' title='bbox 582 4336 704 4407; x_wconf 87' lang='lat' dir='ltr'><strong>pluribus</strong></span> <span class='ocrx_word' id='word_1_278' title='bbox 722 4335 806 4391; x_wconf 73' lang='lat' dir='ltr'><strong>Sim.</strong></span> 
     </span>
    </p>
   </div>
   <div class='ocr_carea' id='block_1_11' title="bbox 0 0 1472 4934">
    <p class='ocr_par' dir='ltr' id='par_1_13' title="bbox 0 0 1472 4934">
     <span class='ocr_line' id='line_1_37' title="bbox 0 0 1472 4934; baseline 0 0"><span class='ocrx_word' id='word_1_279' title='bbox 0 0 1472 4934; x_wconf 95' lang='lat' dir='ltr'><strong> </strong></span> 
     </span>
    </p>
   </div>
  </div>
 </body>
</html>
