2934 4934
259 379 302 445 24
614 374 728 445 Magni
746 373 873 428 Feltria
890 368 1021 426 Enncdi

264 568 391 647 nescire,
429 567 502 649 qnia
528 567 676 632 sermonis
703 566 875 648 frequentia
901 565 1081 645 pensabitur
1109 562 1173 628 tale
1204 563 1375 629 silentium.

261 671 459 736 decedentem
480 690 498 735 a
520 667 679 735 desideriis
701 665 836 733 amicum
864 666 950 731 nulla
973 665 1108 731 delenire
1129 668 1232 750 potest
1255 667 1378 732 cultura

261 773 409 838 caritatis.
433 773 510 839 haec
531 772 705 856 quartanis,
729 772 773 835 mi
795 769 927 853 domine,
951 769 1104 835 nobilibus
1134 769 1280 835 scientiae
1304 773 1377 834 tuae

258 878 423 943 nerbomm
434 876 545 960 pingas
556 874 755 959 imaginibus,
771 892 840 939 raro
855 875 1002 939 curentur
1016 873 1181 938 malefacta
1198 873 1376 954 conloquiis

262 983 294 1045 et
314 981 410 1058 dolor,
433 980 571 1062 quiere
592 978 793 1056 descenderit,
817 978 918 1042 sanari
940 995 1001 1041 non
1016 977 1120 1059 potest
1134 994 1189 1059 per
1210 974 1376 1057 loquelam.
1406 1012 1419 1050 ι

262 1084 315 1147 nix
337 1083 405 1162 erit,
428 1084 466 1147 nt
486 1082 647 1147 scribendo
670 1082 783 1158 deleas,
806 1080 887 1163 quod
910 1080 1044 1145 scribere
1066 1076 1292 1161 contempsisti.
1323 1079 1377 1143 scd

260 1190 396 1251 renertor
425 1186 462 1250 cd
491 1185 697 1270 propositum,
730 1202 835 1267 aquo
863 1200 1034 1265 numquam
1061 1184 1125 1261 eet,
1156 1184 1183 1247 si
1210 1182 1378 1247 miseretur

260 1289 417 1367 diuinitas,
440 1288 669 1354 discedendum.
699 1289 755 1352 deo
778 1287 881 1361 debeo,
905 1286 985 1368 qnod
1006 1288 1218 1369 prosperatus
1232 1290 1265 1349 te
1280 1284 1377 1351 silen-

259 1392 339 1455 tinrn
359 1396 542 1474 procurante
564 1392 598 1454 in
620 1390 748 1473 Liguria
769 1390 887 1473 primns
909 1388 1032 1472 agnoui.
1055 1386 1217 1471 perdidisti
1239 1386 1377 1452 fructum

259 1495 414 1560 studiosae
436 1495 676 1560 taciturnitatis:
701 1496 847 1559 bonorum
870 1493 1005 1558 felicitas
1033 1491 1144 1557 mnndi
1165 1491 1274 1577 lingua
1295 1492 1419 1563 cale-10

259 1596 382 1662 tratur:
397 1598 533 1680 ignorari
544 1617 604 1664 non
620 1602 721 1681 potest
734 1596 815 1681 qnod
827 1594 957 1661 summis
970 1596 1139 1662 accesserit.
1162 1596 1196 1661 in
1211 1594 1378 1661 honoribus

259 1702 315 1767 illc
335 1702 435 1787 magis
457 1702 670 1784 amplectenda
692 1705 765 1767 sunt
787 1718 864 1783 quae
887 1699 1072 1766 redduntur:
1102 1698 1184 1765 male
1215 1700 1253 1763 ad
1279 1697 1378 1762 fasces

260 1804 421 1869 adtollitur
447 1806 535 1870 cuius
562 1824 651 1871 mens
678 1806 760 1869 iuter
782 1804 885 1870 curiae
908 1804 1009 1869 sidera
1031 1803 1108 1868 lncis
1132 1821 1205 1868 succ
1228 1801 1377 1884 suffragla

261 1926 323 1971 non
345 1908 484 1991 agnoscit
505 1909 539 1972 in
562 1908 676 1973 titulis.
700 1907 788 1973 uenit
810 1909 847 1972 ad
870 1926 925 1971 nos
951 1924 1025 1972 cana
1047 1905 1184 1989 dignitas
1201 1902 1303 1995 [sera]‚
1318 1905 1377 1969 sed

260 2008 372 2075 debita.
399 2012 522 2076 uocauit
544 2030 612 2077 eam
634 2012 751 2097 lingna,
776 2029 866 2093 quam
890 2010 1042 2091 seqnitur:
1068 2010 1169 2093 eregit
1189 2008 1377 2091 innocentia,
1391 2042 1418 2078 15

259 2130 352 2194 quam
373 2112 485 2178 habuit
511 2117 664 2195 quondam
688 2116 790 2180 aetate
813 2112 1021 2177 coniunctam.
1059 2112 1113 2177 sed
1140 2113 1203 2177 iam
1226 2112 1313 2176 redeo
1337 2110 1380 2174 ad

258 2214 392 2298 gratiam
424 2215 587 2282 familiaris
621 2216 748 2300 alloquii
782 2216 877 2282 etiam
898 2215 970 2296 post
1005 2215 1161 2282 offensam.
1197 2214 1299 2299 salue,
1331 2214 1379 2278 mi

257 2318 390 2394 domine,
414 2321 445 2383 et
466 2320 547 2401 qnod
568 2320 602 2383 in
625 2319 738 2386 damno
760 2321 902 2403 promissi
921 2321 1050 2386 foederis
1066 2318 1229 2401 neglexisti
1243 2315 1377 2382 restitue

258 2421 401 2486 ubertate
423 2423 582 2487 sermonis.

763 2612 869 2677 XIIII.

641 2766 778 2822 FAVSTO
798 2766 988 2823 ENNODIVS.

297 2886 436 2970 Nollem,
467 2889 582 2974 fateor,
614 2908 770 2955 morarum
793 2907 899 2955 causas
922 2889 1056 2973 aperire,
1079 2908 1118 2953 ne
1139 2888 1262 2955 animus
1286 2908 1377 2956 meus

255 3006 326 3054 sera
347 2990 381 3055 in
406 3009 515 3074 pacem
537 3012 609 3058 cnm
630 2994 752 3059 laetitia
774 2994 920 3058 reductus
949 2995 1067 3058 maesta
1089 2993 1202 3058 iterum
1225 2990 1378 3059 relatione

255 3092 400 3159 tnrbetnr
428 3100 460 3161 et
486 3096 616 3163 habeam
644 3096 793 3161 tristitiae
822 3114 909 3163 meae
936 3098 1113 3163 rediuiuum
1141 3098 1175 3164 in
1197 3096 1379 3165 narratione

306 3368 321 3419 1
340 3368 412 3436 qula]
431 3383 484 3437 qua
500 3368 560 3434 Bo;
589 3369 647 3435 Qua
664 3371 795 3423 sermonis
807 3368 825 3422 i.
839 3384 865 3439 p.
879 3372 900 3423 t.
921 3367 1082 3424 silentium?
1099 3369 1180 3424 Siren.
1269 3370 1286 3424 2
1304 3371 1379 3427 deci-

254 3462 361 3515 dentem
377 3463 469 3517 malim
572 3462 683 3517 delinire
700 3464 749 3518 Bt
852 3464 869 3517 3
887 3466 923 3517 mi
942 3464 1003 3531 ΒΤ,
1022 3464 1089 3519 milri
1107 3463 1171 3529 LV,
1188 3480 1238 3519 orn.
1256 3464 1304 3521 Pb

253 3562 316 3611 tuae
334 3573 382 3611 om.
402 3557 429 3613 L
530 3559 548 3612 4
562 3564 625 3627 post
642 3558 807 3627 imaginibus
824 3560 890 3628 plue
907 3560 984 3615 tinea
1001 3558 1117 3614 dissidia
1134 3574 1213 3615 erasa
1229 3560 1260 3615 in
1276 3560 1303 3613 Β

253 3650 396 3706 malefacta
415 3654 441 3705 T
463 3658 493 3706 ta
509 3653 542 3706 in
558 3668 614 3707 rae.
725 3654 865 3721 colloquiis
883 3653 961 3708 ΜΨ
1072 3656 1089 3709 5
1114 3656 1150 3723 re]
1174 3658 1202 3709 te
1225 3653 1304 3711 etms.

253 3744 412 3799 discenderit
438 3746 466 3799 Β
567 3748 665 3815 poterit
691 3747 739 3802 Po
841 3748 984 3817 loquellam
1010 3750 1038 3803 Β
1143 3749 1160 3803 6
1187 3748 1265 3819 qnod]
1292 3765 1379 3817 quam

256 3849 282 3904 T
374 3849 541 3904 contemsisti
552 3850 640 3904 BLV
732 3850 968 3906 8disoeudendum
980 3852 1053 3917 HT,
1077 3852 1305 3907 descedendnt

255 3960 374 4029 ramae]
387 3962 531 4017 arceram.
544 3961 571 4015 a
655 3936 785 4017 attat
799 3964 824 4016 r
914 3963 1220 4019 raacarncurnnrr
1299 3942 1379 4021 elne

253 4049 368 4127 interf
469 4076 502 4129 14
524 4092 583 4131 sera
604 4077 705 4132 tociaci
812 4078 845 4132 16
871 4076 1012 4146 qnondam]
1038 4092 1117 4133 aurea
1140 4074 1250 4132 condam
1276 4078 1304 4133 Β

254 4174 286 4227 17
303 4175 386 4231 etiam
407 4179 433 4233 T
446 4178 478 4233 in
495 4195 549 4234 rar.
567 4182 641 4235 Μ
745 4180 777 4234 18
794 4178 908 4249 dampno
925 4182 952 4235 L
1054 4164 1180 4251 promissi
1201 4182 1228 4236 Β

305 4296 396 4355 XIIII.
425 4298 460 4353 23
477 4303 561 4353 mesta
579 4301 718 4355 BLPTV
