2934 4934
293 369 335 434 58
647 365 766 435 Magni
783 364 909 421 Felieie
927 364 1056 421 Ennodi

291 557 464 639 praeseptis
487 554 555 620 eius
577 552 788 633 adoommeds.
818 552 930 637 quibus
963 555 1044 621 enim
1075 553 1271 625 sermonibus
1305 573 1399 637 prose·

293 659 432 743 quendus
459 660 506 723 est
527 658 580 723 eni
600 658 704 723 tetum
726 657 951 741 magnitudinis
979 659 1101 725 uestrae
1130 658 1203 725 linet
1226 676 1348 743 sperare
1367 658 1398 724 de

291 761 416 848 mstis?
438 763 483 829 ita
498 759 629 840 eueniet,
652 761 690 825 ut
705 759 889 843 angustiora
901 758 968 825 sint
982 761 1185 847 supplienntis
1208 763 1303 831 uerba
1318 780 1399 847 quam

292 866 405 936 monita
426 865 599 947 perlatoris.
623 863 699 946 quid
722 863 807 932 enim
829 864 966 946 praestes
988 861 1155 932 iuuaminis
1177 864 1243 941 illi,
1271 882 1330 949 ,pro
1350 881 1400 947 quo

293 966 494 1053 quantumuis
509 965 693 1051 poposceris,
716 966 963 1049 plasmaretur?
986 983 1057 1051 ergo
1079 970 1119 1034 ud
1141 966 1208 1033 stili
1231 968 1428 1041 exercitiums

292 1072 461 1157 iunguntur
475 1070 559 1147 baeu,
582 1087 643 1139 neu
659 1070 700 1135 sd
715 1067 900 1139 beneficium
923 1070 1122 1155 oonmeuutis.
1161 1071 1249 1137 iuuat
1271 1070 1401 1145 animum

290 1174 349 1241 sub
373 1174 482 1257 quauis
506 1174 665 1242 summoue
688 1173 785 1240 uestri
808 1171 996 1253 meminisse,
1020 1174 1095 1239 lieet
1124 1173 1282 1241 nominato
1312 1174 1401 1255 serip-

292 1277 377 1351 tipne
398 1276 445 1348 nil
465 1276 611 1344 tribuam.
637 1294 707 1343 sose
729 1277 834 1343 tamen
859 1276 933 1358 quis
955 1275 1001 1341 its
1022 1275 1125 1343 iussus
1147 1296 1233 1367 sum,
1256 1276 1313 1347 illa
1333 1293 1401 1361 quae

290 1382 491 1465 praestantur
512 1379 664 1447 exbnneis
683 1378 908 1449 insinuationis
931 1380 1014 1445 diota
1035 1380 1196 1463 subiungn.
1226 1378 1333 1469 inpete
1354 1397 1401 1445 uos

289 1482 488 1568 pepulimitar
510 1483 726 1568 expetentem,
750 1482 899 1549 fidutiam
922 1482 987 1551 eius
1010 1482 1190 1569 dignatione
1211 1482 1429 1554 roborenteeuo

289 1587 662 1669 ouuqmnspepreeeipio
672 1587 824 1669 inueniat,
837 1586 874 1653 nt
884 1586 912 1651 si
924 1586 1108 1655 meritorum
1116 1603 1243 1651 suorum
1256 1590 1401 1671 angustus

288 1692 472 1761 {aestimator
493 1690 550 1766 est,
574 1688 614 1754 sd
635 1708 686 1753 me
706 1688 822 1767 referat
844 1690 990 1773 quioquid
1013 1688 1110 1755 luent
1132 1693 1324 1755 consecutus.
1354 1688 1402 1753 ob·

287 1794 428 1877 sequium
451 1793 649 1861 salutationis
672 1793 844 1876 inpendens
866 1794 1020 1877 supplies,
1059 1794 1095 1859 ut
1117 1792 1231 1861 erebris
1253 1811 1305 1860 ma
1328 1792 1401 1858 rele-

236 1957 241 1967 .
289 1898 427 1971 nondum
443 1898 564 1963 duratis
587 1897 755 1976 adfatibus,
780 1898 829 1965 oui
851 1895 934 1965 inter
956 1897 1104 1965 maeroris
1127 1896 1264 1965 sarsinas
1287 1896 1403 1963 nullum

288 2003 410 2081 praeter
433 2000 494 2065 oris
516 1999 615 2065 uestri
636 2000 751 2064 solacia
773 2002 875 2082 potest
897 2017 963 2066 esse
985 1998 1169 2068 subsidium.
1412 2012 1429 2051 ¹⁵

795 2184 899 2251 XVII.

622 2319 805 2375 ENNODIVS
832 2319 1064 2377 CONSTANTIO.

328 2444 429 2509 Nemo
451 2444 596 2524 peritiam
617 2458 765 2527 pomposa
780 2442 952 2509 elneutinue
967 2442 1151 2509 sendemnat
1172 2462 1230 2509 nae
1250 2460 1402 2525 spernen-

285 2547 359 2611 dum
383 2564 455 2612 enm
477 2545 594 2629 pudore
617 2547 703 2612 ducit
725 2546 891 2628 essequod
913 2546 1069 2628 sequitur:
1092 2548 1141 2611 sui
1155 2546 1349 2631 inpugnator
1363 2546 1405 2609 eet

288 2649 427 2731 quisquis
450 2647 638 2715 elucubratis
655 2648 851 2715 sermonibus
874 2648 1000 2733 linguae
1023 2649 1144 2715 uultum
1166 2649 1332 2731 praedicat
1354 2648 1434 2713 ab-so

283 2753 387 2818 iurari.
413 2770 470 2835 ego
486 2757 590 2818 tamen
605 2755 637 2818 in
652 2752 796 2835 epistulis
813 2750 1038 2835 magnitudinis
1063 2753 1186 2817 nestrae
1209 2752 1405 2836 diligentiam

285 2873 415 2937 semper,
439 2874 501 2920 non
524 2856 619 2920 uerbo
639 2856 768 2938 psnssui
791 2872 848 2921 nee
864 2854 1050 2921 adiutriuem
1068 2854 1211 2921 malitias
1226 2855 1406 2921 imundiam

285 2960 387 3025 mains
409 2960 544 3041 pretium
568 2957 681 3024 habere
703 2958 809 3023 sensui
832 2976 927 3041 quam
949 2959 1196 3043 simplieitatem,
1218 2977 1301 3041 quse
1325 2958 1406 3024 infu-

286 3065 358 3125 ests
378 3061 481 3125 fronte
496 3064 650 3126 secretum
665 3061 782 3127 mentis
796 3061 950 3127 enuntiet.
973 3061 1030 3126 inse
1045 3063 1077 3127 in
1092 3062 1211 3127 senatis
1226 3061 1407 3129 hominibus

284 3165 316 3226 st
339 3163 443 3227 amani
465 3179 587 3246 semper
602 3164 634 3227 et
657 3161 748 3229 solui.
772 3180 831 3246 ago
845 3181 928 3228 nuno
944 3164 1036 3246 atque
1051 3163 1149 3228 habeo
1172 3163 1304 3248 gratiss,
1329 3160 1435 3245 quode

333 3431 424 3485 laius
445 3430 505 3487 Te.
523 3431 541 3487 t.
560 3434 630 3484 sset
731 3429 832 3487 alieit
850 3431 887 3486 ΒΙ
991 3432 1169 3501 tprelateris
1186 3434 1225 3487 Β1
1336 3448 1410 3505 pesa

279 3517 329 3571 stis
347 3516 375 3572 Β
476 3517 626 3574 iouamauis
642 3517 671 3573 Β
779 3518 796 3573 5
819 3520 964 3574 merentur
982 3518 1045 3586 (rei
1062 3522 1141 3587 aas.)
1159 3519 1186 3573 L
1292 3523 1310 3575 6
1337 3520 1409 3575 beni·

279 3602 370 3657 ficium
387 3602 414 3656 Β
516 3603 592 3657 iuuet
609 3604 637 3657 Β
741 3603 756 3657 7
776 3604 912 3662 oeessione
930 3604 967 3658 L*
989 3610 1020 3658 ss
1037 3603 1149 3664 uidetur
1252 3605 1411 3661 miminisee

279 3688 317 3743 ι·
410 3688 516 3743 emen
534 3688 616 3743 sem.
710 3690 752 3743 rea
768 3704 818 3744 om.
838 3688 917 3745 sores
1014 3691 1097 3745 euos
1115 3675 1211 3744 een
1314 3693 1349 3746 ro
1367 3707 1409 3760 pe-

280 3774 452 3829 sulirlterL¹
539 3776 719 3843 expectantem
732 3774 760 3830 Β
845 3775 959 3832 alueolos
973 3774 1059 3844 (elusi
1072 3778 1154 3845 area)
1167 3776 1194 3831 L
1267 3771 1320 3834 ‘11
1334 3777 1410 3848 quid·

279 3875 344 3947 quid
362 3876 390 3930 Β
501 3874 615 3945 precipit
637 3876 799 3932 Taedet.
818 3894 851 3932 m.
870 3880 890 3931 Β
916 3876 928 3931 l
945 3878 1077 3946 presumit
1189 3878 1222 3933 13
1240 3868 1411 3955 ”leuandum

279 3964 307 4019 Β
411 3962 444 4016 14
461 3962 571 4016 mereris
590 3960 700 4017 BLTV

329 4082 417 4137 XVII.
454 4083 487 4136 19
504 4082 571 4138 dieis
590 4083 638 4137 Pb
741 4082 905 4152 aequisque
924 4082 968 4139 Pb
1072 4082 1292 4151 elucubratim,
1324 4086 1411 4142 alnes·

279 4167 384 4253 brsntis
409 4168 436 4223 J,
547 4169 581 4223 23
604 4169 689 4238 magis
715 4168 742 4223 T
843 4168 943 4223 senessi
963 4169 983 4237 (i
1002 4170 1128 4233 esselis
1240 4170 1280 4225 24
1306 4172 1412 4228 omibus

281 4272 306 4326 Τ
407 4270 440 4325 25
459 4270 544 4340 adque
561 4272 587 4325 B
