<?xml version="1.0" encoding="UTF-8"?>
<!DOCTYPE html PUBLIC "-//W3C//DTD XHTML 1.0 Transitional//EN"
    "http://www.w3.org/TR/xhtml1/DTD/xhtml1-transitional.dtd">
<html xmlns="http://www.w3.org/1999/xhtml" xml:lang="en" lang="en">
 <head>
  <title>
</title>
<meta http-equiv="Content-Type" content="text/html;charset=utf-8" />
  <meta name='ocr-system' content='tesseract 3.04.00' />
  <meta name='ocr-capabilities' content='ocr_page ocr_carea ocr_par ocr_line ocrx_word'/>
</head>
<body>
  <div class='ocr_page' id='page_1' title='image "./corpusscriptoru13wissgoog_0176.png"; bbox 0 0 2934 4934; ppageno 0'>
   <div class='ocr_carea' id='block_1_1' title="bbox 249 391 1012 461">
    <p class='ocr_par' dir='ltr' id='par_1_1' title="bbox 249 391 1012 461">
     <span class='ocr_line' id='line_1_1' title="bbox 249 391 1012 461; baseline 0 -14"><span class='ocrx_word' id='word_1_1' title='bbox 249 395 291 460; x_wconf 80' lang='grc'><strong>72</strong></span> <span class='ocrx_word' id='word_1_2' title='bbox 605 391 719 461; x_wconf 74' lang='lat' dir='ltr'><strong>stagni</strong></span> <span class='ocrx_word' id='word_1_3' title='bbox 736 392 865 449; x_wconf 76' lang='lat' dir='ltr'><strong>Felicis</strong></span> <span class='ocrx_word' id='word_1_4' title='bbox 882 393 1012 449; x_wconf 79' lang='lat' dir='ltr'><strong>Ennodi</strong></span> 
     </span>
    </p>
   </div>
   <div class='ocr_carea' id='block_1_2' title="bbox 250 578 1404 1074">
    <p class='ocr_par' dir='ltr' id='par_1_2' title="bbox 250 578 1404 1074">
     <span class='ocr_line' id='line_1_2' title="bbox 253 578 1369 668; baseline 0.003 -21"><span class='ocrx_word' id='word_1_5' title='bbox 253 580 370 665; x_wconf 75' lang='lat' dir='ltr'><strong>negotii</strong></span> <span class='ocrx_word' id='word_1_6' title='bbox 390 580 456 646; x_wconf 87' lang='lat' dir='ltr'><strong>ism</strong></span> <span class='ocrx_word' id='word_1_7' title='bbox 469 580 606 665; x_wconf 77' lang='lat' dir='ltr'><strong>promisi,</strong></span> <span class='ocrx_word' id='word_1_8' title='bbox 628 578 683 663; x_wconf 85' lang='lat' dir='ltr'><strong>qni</strong></span> <span class='ocrx_word' id='word_1_9' title='bbox 705 579 802 664; x_wconf 78' lang='lat' dir='ltr'><strong>iegati</strong></span> <span class='ocrx_word' id='word_1_10' title='bbox 816 581 962 645; x_wconf 90' lang='lat' dir='ltr'><strong>meritum</strong></span> <span class='ocrx_word' id='word_1_11' title='bbox 977 582 1173 664; x_wconf 87' lang='lat' dir='ltr'><strong>conprobaui.</strong></span> <span class='ocrx_word' id='word_1_12' title='bbox 1195 583 1369 668; x_wconf 89' lang='lat' dir='ltr'><strong>prouidete,</strong></span> 
     </span>
     <span class='ocr_line' id='line_1_3' title="bbox 250 681 1371 771; baseline 0.002 -19"><span class='ocrx_word' id='word_1_13' title='bbox 250 687 279 752; x_wconf 89' lang='lat' dir='ltr'><strong>si</strong></span> <span class='ocrx_word' id='word_1_14' title='bbox 293 684 474 769; x_wconf 74' lang='lat' dir='ltr'>religionem</span> <span class='ocrx_word' id='word_1_15' title='bbox 490 681 609 761; x_wconf 85' lang='lat' dir='ltr'><strong>deceat,</strong></span> <span class='ocrx_word' id='word_1_16' title='bbox 630 682 658 749; x_wconf 92' lang='lat' dir='ltr'><strong>si</strong></span> <span class='ocrx_word' id='word_1_17' title='bbox 673 701 693 748; x_wconf 91' lang='lat' dir='ltr'><strong>a</strong></span> <span class='ocrx_word' id='word_1_18' title='bbox 706 682 850 767; x_wconf 86' lang='lat' dir='ltr'><strong>pontifice</strong></span> <span class='ocrx_word' id='word_1_19' title='bbox 866 681 995 765; x_wconf 75' lang='lat' dir='ltr'><strong>dignum</strong></span> <span class='ocrx_word' id='word_1_20' title='bbox 1010 682 1054 749; x_wconf 87' lang='lat' dir='ltr'><strong>sit</strong></span> <span class='ocrx_word' id='word_1_21' title='bbox 1075 685 1177 767; x_wconf 91' lang='lat' dir='ltr'><strong>illum,</strong></span> <span class='ocrx_word' id='word_1_22' title='bbox 1199 687 1254 770; x_wconf 83' lang='lat' dir='ltr'><strong>qni</strong></span> <span class='ocrx_word' id='word_1_23' title='bbox 1268 688 1371 771; x_wconf 88' lang='lat' dir='ltr'><strong>potest</strong></span> 
     </span>
     <span class='ocr_line' id='line_1_4' title="bbox 253 785 1370 871; baseline 0.001 -16"><span class='ocrx_word' id='word_1_24' title='bbox 253 785 397 856; x_wconf 84' lang='lat' dir='ltr'><strong>cautibus</strong></span> <span class='ocrx_word' id='word_1_25' title='bbox 418 787 568 871; x_wconf 87' lang='lat' dir='ltr'><strong>inperare,</strong></span> <span class='ocrx_word' id='word_1_26' title='bbox 591 785 757 852; x_wconf 89' lang='lat' dir='ltr'><strong>contemni.</strong></span> <span class='ocrx_word' id='word_1_27' title='bbox 798 786 859 850; x_wconf 93' lang='lat' dir='ltr'><strong>duo</strong></span> <span class='ocrx_word' id='word_1_28' title='bbox 885 786 960 851; x_wconf 91' lang='lat' dir='ltr'><strong>sunt</strong></span> <span class='ocrx_word' id='word_1_29' title='bbox 987 803 1065 868; x_wconf 87' lang='lat' dir='ltr'><strong>quae</strong></span> <span class='ocrx_word' id='word_1_30' title='bbox 1096 806 1218 855; x_wconf 86' lang='lat' dir='ltr'><strong>mecum</strong></span> <span class='ocrx_word' id='word_1_31' title='bbox 1241 788 1370 865; x_wconf 86' lang='lat' dir='ltr'><strong>iaciunt,</strong></span> 
     </span>
     <span class='ocr_line' id='line_1_5' title="bbox 253 886 1370 974; baseline 0.002 -17"><span class='ocrx_word' id='word_1_32' title='bbox 253 888 371 974; x_wconf 80' lang='lat' dir='ltr'><strong>negotii</strong></span> <span class='ocrx_word' id='word_1_33' title='bbox 393 886 555 955; x_wconf 86' lang='lat' dir='ltr'><strong>sinceritas</strong></span> <span class='ocrx_word' id='word_1_34' title='bbox 576 891 608 954; x_wconf 89' lang='lat' dir='ltr'><strong>et</strong></span> <span class='ocrx_word' id='word_1_35' title='bbox 629 888 740 973; x_wconf 86' lang='lat' dir='ltr'><strong>genius</strong></span> <span class='ocrx_word' id='word_1_36' title='bbox 768 888 986 974; x_wconf 74' lang='lat' dir='ltr'><strong>subplicantis:</strong></span> <span class='ocrx_word' id='word_1_37' title='bbox 1015 889 1161 973; x_wconf 90' lang='lat' dir='ltr'><strong>quicquid</strong></span> <span class='ocrx_word' id='word_1_38' title='bbox 1183 892 1290 959; x_wconf 89' lang='lat' dir='ltr'><strong>contra</strong></span> <span class='ocrx_word' id='word_1_39' title='bbox 1310 893 1370 959; x_wconf 91' lang='lat' dir='ltr'><strong>boc</strong></span> 
     </span>
     <span class='ocr_line' id='line_1_6' title="bbox 255 992 1404 1074; baseline -0.003 -13"><span class='ocrx_word' id='word_1_40' title='bbox 255 992 421 1074; x_wconf 89' lang='lat' dir='ltr'><strong>obstiterit,</strong></span> <span class='ocrx_word' id='word_1_41' title='bbox 442 993 592 1061; x_wconf 87' lang='lat' dir='ltr'><strong>bonorum</strong></span> <span class='ocrx_word' id='word_1_42' title='bbox 612 992 801 1059; x_wconf 81' lang='lat' dir='ltr'><strong>sententiam</strong></span> <span class='ocrx_word' id='word_1_43' title='bbox 823 1010 893 1059; x_wconf 87' lang='lat' dir='ltr'><strong>mor</strong></span> <span class='ocrx_word' id='word_1_44' title='bbox 914 994 1063 1061; x_wconf 86' lang='lat' dir='ltr'><strong>meretur.</strong></span> <span class='ocrx_word' id='word_1_45' title='bbox 1391 1016 1404 1057; x_wconf 76' lang='lat' dir='ltr'><strong>s</strong></span> 
     </span>
    </p>
   </div>
   <div class='ocr_carea' id='block_1_3' title="bbox 608 1164 1004 1358">
    <p class='ocr_par' dir='ltr' id='par_1_3' title="bbox 608 1164 1004 1358">
     <span class='ocr_line' id='line_1_7' title="bbox 785 1164 829 1231; baseline 0 0"><span class='ocrx_word' id='word_1_46' title='bbox 785 1164 829 1231; x_wconf 89' lang='lat'><strong>11.</strong></span> 
     </span>
     <span class='ocr_line' id='line_1_8' title="bbox 608 1299 1004 1358; baseline -0.003 -2"><span class='ocrx_word' id='word_1_47' title='bbox 608 1299 793 1358; x_wconf 70' lang='lat' dir='ltr'><strong>evorsum</strong></span> <span class='ocrx_word' id='word_1_48' title='bbox 813 1300 1004 1358; x_wconf 77' lang='lat' dir='ltr'>ENNODIVS.</span> 
     </span>
    </p>
   </div>
   <div class='ocr_carea' id='block_1_4' title="bbox 241 1423 1405 3363">
    <p class='ocr_par' dir='ltr' id='par_1_4' title="bbox 241 1423 1405 3363">
     <span class='ocr_line' id='line_1_9' title="bbox 288 1423 1369 1511; baseline 0 -20"><span class='ocrx_word' id='word_1_49' title='bbox 288 1425 439 1507; x_wconf 85' lang='lat' dir='ltr'><strong>Quamuis</strong></span> <span class='ocrx_word' id='word_1_50' title='bbox 467 1425 653 1492; x_wconf 87' lang='lat' dir='ltr'><strong>commercia</strong></span> <span class='ocrx_word' id='word_1_51' title='bbox 674 1424 853 1489; x_wconf 87' lang='lat' dir='ltr'><strong>litterarum</strong></span> <span class='ocrx_word' id='word_1_52' title='bbox 883 1424 985 1511; x_wconf 86' lang='lat' dir='ltr'><strong>magis</strong></span> <span class='ocrx_word' id='word_1_53' title='bbox 1017 1424 1082 1490; x_wconf 89' lang='lat' dir='ltr'><strong>sint</strong></span> <span class='ocrx_word' id='word_1_54' title='bbox 1111 1423 1251 1490; x_wconf 75' lang='lat' dir='ltr'><strong>laetitiae</strong></span> <span class='ocrx_word' id='word_1_55' title='bbox 1274 1442 1369 1508; x_wconf 83' lang='lat' dir='ltr'><strong>quam</strong></span> 
     </span>
     <span class='ocr_line' id='line_1_10' title="bbox 248 1524 1370 1611; baseline -0.004 -16"><span class='ocrx_word' id='word_1_56' title='bbox 248 1528 397 1595; x_wconf 88' lang='lat' dir='ltr'><strong>macroris</strong></span> <span class='ocrx_word' id='word_1_57' title='bbox 419 1542 475 1593; x_wconf 94' lang='lat' dir='ltr'><strong>nec</strong></span> <span class='ocrx_word' id='word_1_58' title='bbox 495 1528 650 1593; x_wconf 91' lang='lat' dir='ltr'><strong>secretum</strong></span> <span class='ocrx_word' id='word_1_59' title='bbox 673 1525 807 1611; x_wconf 77' lang='lat' dir='ltr'><strong>pectoris</strong></span> <span class='ocrx_word' id='word_1_60' title='bbox 829 1526 885 1593; x_wconf 88' lang='lat' dir='ltr'><strong>ant</strong></span> <span class='ocrx_word' id='word_1_61' title='bbox 907 1526 1061 1593; x_wconf 79' lang='lat' dir='ltr'><strong>amicitiae</strong></span> <span class='ocrx_word' id='word_1_62' title='bbox 1078 1524 1273 1609; x_wconf 81' lang='lat' dir='ltr'><strong>diligentiam</strong></span> <span class='ocrx_word' id='word_1_63' title='bbox 1289 1526 1370 1593; x_wconf 87' lang='lat' dir='ltr'><strong>bene</strong></span> 
     </span>
     <span class='ocr_line' id='line_1_11' title="bbox 247 1629 1403 1717; baseline -0.008 -20"><span class='ocrx_word' id='word_1_64' title='bbox 247 1631 281 1697; x_wconf 89' lang='lat' dir='ltr'><strong>in</strong></span> <span class='ocrx_word' id='word_1_65' title='bbox 302 1631 404 1698; x_wconf 89' lang='lat' dir='ltr'><strong>lucem</strong></span> <span class='ocrx_word' id='word_1_66' title='bbox 434 1629 554 1717; x_wconf 84' lang='lat' dir='ltr'><strong>digerat</strong></span> <span class='ocrx_word' id='word_1_67' title='bbox 583 1630 695 1696; x_wconf 89' lang='lat' dir='ltr'><strong>clauda</strong></span> <span class='ocrx_word' id='word_1_68' title='bbox 721 1629 838 1695; x_wconf 90' lang='lat' dir='ltr'><strong>recenti</strong></span> <span class='ocrx_word' id='word_1_69' title='bbox 869 1630 1045 1699; x_wconf 83' lang='lat' dir='ltr'><strong>contusione</strong></span> <span class='ocrx_word' id='word_1_70' title='bbox 1069 1630 1222 1695; x_wconf 80' lang='lat' dir='ltr'><strong>elocutio:</strong></span> <span class='ocrx_word' id='word_1_71' title='bbox 1260 1629 1403 1695; x_wconf 82' lang='lat' dir='ltr'><strong>uideroro</strong></span> 
     </span>
     <span class='ocr_line' id='line_1_12' title="bbox 248 1732 1370 1815; baseline -0.001 -16"><span class='ocrx_word' id='word_1_72' title='bbox 248 1736 353 1800; x_wconf 89' lang='lat' dir='ltr'><strong>tamen</strong></span> <span class='ocrx_word' id='word_1_73' title='bbox 376 1734 482 1799; x_wconf 90' lang='lat' dir='ltr'><strong>utrum</strong></span> <span class='ocrx_word' id='word_1_74' title='bbox 504 1732 700 1815; x_wconf 80' lang='lat' dir='ltr'><strong>dispendium</strong></span> <span class='ocrx_word' id='word_1_75' title='bbox 722 1732 849 1798; x_wconf 86' lang='lat' dir='ltr'><strong>caritati</strong></span> <span class='ocrx_word' id='word_1_76' title='bbox 870 1732 985 1799; x_wconf 85' lang='lat' dir='ltr'><strong>inferat</strong></span> <span class='ocrx_word' id='word_1_77' title='bbox 1007 1750 1108 1800; x_wconf 91' lang='lat' dir='ltr'><strong>sermo</strong></span> <span class='ocrx_word' id='word_1_78' title='bbox 1129 1732 1248 1813; x_wconf 85' lang='lat' dir='ltr'><strong>rarior,</strong></span> <span class='ocrx_word' id='word_1_79' title='bbox 1277 1750 1370 1798; x_wconf 93' lang='lat' dir='ltr'><strong>mon-</strong></span> 
     </span>
     <span class='ocr_line' id='line_1_13' title="bbox 246 1834 1369 1919; baseline -0.002 -17"><span class='ocrx_word' id='word_1_80' title='bbox 246 1836 325 1905; x_wconf 85' lang='lat' dir='ltr'><strong>strat</strong></span> <span class='ocrx_word' id='word_1_81' title='bbox 352 1841 460 1902; x_wconf 89' lang='lat' dir='ltr'><strong>tamen</strong></span> <span class='ocrx_word' id='word_1_82' title='bbox 487 1836 514 1902; x_wconf 93' lang='lat' dir='ltr'><strong>si</strong></span> <span class='ocrx_word' id='word_1_83' title='bbox 542 1834 648 1902; x_wconf 90' lang='lat' dir='ltr'><strong>nulius</strong></span> <span class='ocrx_word' id='word_1_84' title='bbox 669 1836 852 1919; x_wconf 81' lang='lat' dir='ltr'><strong>prorogetur</strong></span> <span class='ocrx_word' id='word_1_85' title='bbox 874 1836 1047 1903; x_wconf 78' lang='lat' dir='ltr'><strong>infantiam.</strong></span> <span class='ocrx_word' id='word_1_86' title='bbox 1081 1837 1194 1901; x_wconf 90' lang='lat' dir='ltr'><strong>testem</strong></span> <span class='ocrx_word' id='word_1_87' title='bbox 1215 1834 1369 1900; x_wconf 81' lang='lat' dir='ltr'><strong>diuinitas</strong></span> 
     </span>
     <span class='ocr_line' id='line_1_14' title="bbox 245 1936 1370 2025; baseline -0.002 -19"><span class='ocrx_word' id='word_1_88' title='bbox 245 1942 365 2025; x_wconf 86' lang='lat' dir='ltr'><strong>gratiae</strong></span> <span class='ocrx_word' id='word_1_89' title='bbox 394 1939 520 2025; x_wconf 77' lang='lat' dir='ltr'><strong>linguae</strong></span> <span class='ocrx_word' id='word_1_90' title='bbox 550 1939 636 2005; x_wconf 87' lang='lat' dir='ltr'><strong>dedit</strong></span> <span class='ocrx_word' id='word_1_91' title='bbox 657 1936 803 2005; x_wconf 88' lang='lat' dir='ltr'><strong>officium.</strong></span> <span class='ocrx_word' id='word_1_92' title='bbox 835 1939 889 2004; x_wconf 85' lang='lat' dir='ltr'><strong>sed</strong></span> <span class='ocrx_word' id='word_1_93' title='bbox 911 1940 1011 2018; x_wconf 81' lang='lat' dir='ltr'><strong>dicas,</strong></span> <span class='ocrx_word' id='word_1_94' title='bbox 1048 1938 1093 2003; x_wconf 91' lang='lat' dir='ltr'><strong>mi</strong></span> <span class='ocrx_word' id='word_1_95' title='bbox 1115 1936 1254 2016; x_wconf 90' lang='lat' dir='ltr'><strong>domine,</strong></span> <span class='ocrx_word' id='word_1_96' title='bbox 1291 1938 1370 2004; x_wconf 88' lang='lat' dir='ltr'><strong>hcec</strong></span> 
     </span>
     <span class='ocr_line' id='line_1_15' title="bbox 246 2038 1370 2125; baseline -0.002 -18"><span class='ocrx_word' id='word_1_97' title='bbox 246 2040 347 2109; x_wconf 87' lang='lat' dir='ltr'><strong>aliena</strong></span> <span class='ocrx_word' id='word_1_98' title='bbox 364 2058 430 2107; x_wconf 89' lang='lat' dir='ltr'><strong>esse</strong></span> <span class='ocrx_word' id='word_1_99' title='bbox 453 2038 492 2106; x_wconf 85' lang='lat' dir='ltr'><strong>ab</strong></span> <span class='ocrx_word' id='word_1_100' title='bbox 516 2057 552 2106; x_wconf 88' lang='lat' dir='ltr'><strong>eo</strong></span> <span class='ocrx_word' id='word_1_101' title='bbox 575 2058 666 2123; x_wconf 89' lang='lat' dir='ltr'><strong>quem</strong></span> <span class='ocrx_word' id='word_1_102' title='bbox 682 2042 820 2106; x_wconf 87' lang='lat' dir='ltr'><strong>nouerim</strong></span> <span class='ocrx_word' id='word_1_103' title='bbox 836 2038 982 2107; x_wconf 83' lang='lat' dir='ltr'><strong>maximis</strong></span> <span class='ocrx_word' id='word_1_104' title='bbox 998 2038 1156 2106; x_wconf 86' lang='lat' dir='ltr'><strong>doloribus</strong></span> <span class='ocrx_word' id='word_1_105' title='bbox 1172 2043 1370 2125; x_wconf 89' lang='lat' dir='ltr'><strong>occupatum,</strong></span> 
     </span>
     <span class='ocr_line' id='line_1_16' title="bbox 245 2140 1404 2229; baseline -0.006 -19"><span class='ocrx_word' id='word_1_106' title='bbox 245 2162 389 2229; x_wconf 88' lang='lat' dir='ltr'><strong>pressum</strong></span> <span class='ocrx_word' id='word_1_107' title='bbox 410 2146 519 2229; x_wconf 91' lang='lat' dir='ltr'><strong>pectus</strong></span> <span class='ocrx_word' id='word_1_108' title='bbox 542 2144 708 2226; x_wconf 78' lang='lat' dir='ltr'><strong>angoribus</strong></span> <span class='ocrx_word' id='word_1_109' title='bbox 723 2142 893 2210; x_wconf 87' lang='lat' dir='ltr'><strong>ademeris</strong></span> <span class='ocrx_word' id='word_1_110' title='bbox 908 2140 1004 2209; x_wconf 86' lang='lat' dir='ltr'><strong>uerba</strong></span> <span class='ocrx_word' id='word_1_111' title='bbox 1027 2160 1089 2209; x_wconf 91' lang='lat' dir='ltr'><strong>non</strong></span> <span class='ocrx_word' id='word_1_112' title='bbox 1110 2142 1187 2226; x_wconf 82' lang='lat' dir='ltr'><strong>erigi</strong></span> <span class='ocrx_word' id='word_1_113' title='bbox 1210 2144 1404 2225; x_wconf 76' lang='lat' dir='ltr'><strong>necquicre</strong></span> 
     </span>
     <span class='ocr_line' id='line_1_17' title="bbox 247 2245 1371 2329; baseline -0.003 -16"><span class='ocrx_word' id='word_1_114' title='bbox 247 2265 341 2329; x_wconf 86' lang='lat' dir='ltr'><strong>qnam</strong></span> <span class='ocrx_word' id='word_1_115' title='bbox 370 2246 568 2313; x_wconf 87' lang='lat' dir='ltr'><strong>delenificum</strong></span> <span class='ocrx_word' id='word_1_116' title='bbox 597 2246 736 2313; x_wconf 85' lang='lat' dir='ltr'><strong>lamenta</strong></span> <span class='ocrx_word' id='word_1_117' title='bbox 758 2245 890 2310; x_wconf 90' lang='lat' dir='ltr'><strong>sentire:</strong></span> <span class='ocrx_word' id='word_1_118' title='bbox 920 2265 968 2311; x_wconf 87' lang='lat' dir='ltr'><strong>res</strong></span> <span class='ocrx_word' id='word_1_119' title='bbox 991 2262 1069 2327; x_wconf 89' lang='lat' dir='ltr'><strong>quae</strong></span> <span class='ocrx_word' id='word_1_120' title='bbox 1091 2250 1229 2312; x_wconf 91' lang='lat' dir='ltr'><strong>mentem</strong></span> <span class='ocrx_word' id='word_1_121' title='bbox 1251 2246 1371 2329; x_wconf 84' lang='lat' dir='ltr'><strong>premit</strong></span> 
     </span>
     <span class='ocr_line' id='line_1_18' title="bbox 245 2346 1370 2433; baseline -0.002 -18"><span class='ocrx_word' id='word_1_122' title='bbox 245 2348 389 2433; x_wconf 91' lang='lat' dir='ltr'><strong>repudiat</strong></span> <span class='ocrx_word' id='word_1_123' title='bbox 404 2350 484 2433; x_wconf 89' lang='lat' dir='ltr'><strong>quod</strong></span> <span class='ocrx_word' id='word_1_124' title='bbox 500 2348 638 2416; x_wconf 88' lang='lat' dir='ltr'><strong>oblectat</strong></span> <span class='ocrx_word' id='word_1_125' title='bbox 658 2348 817 2415; x_wconf 87' lang='lat' dir='ltr'><strong>auditum:</strong></span> <span class='ocrx_word' id='word_1_126' title='bbox 841 2350 895 2431; x_wconf 89' lang='lat' dir='ltr'><strong>qui</strong></span> <span class='ocrx_word' id='word_1_127' title='bbox 916 2346 1016 2413; x_wconf 90' lang='lat' dir='ltr'><strong>maior</strong></span> <span class='ocrx_word' id='word_1_128' title='bbox 1037 2349 1160 2414; x_wconf 87' lang='lat' dir='ltr'><strong>animae</strong></span> <span class='ocrx_word' id='word_1_129' title='bbox 1183 2348 1244 2414; x_wconf 85' lang='lat' dir='ltr'><strong>init</strong></span> <span class='ocrx_word' id='word_1_130' title='bbox 1265 2350 1370 2433; x_wconf 87' lang='lat' dir='ltr'><strong>portio</strong></span> 
     </span>
     <span class='ocr_line' id='line_1_19' title="bbox 246 2450 1371 2536; baseline 0 -19"><span class='ocrx_word' id='word_1_131' title='bbox 246 2452 342 2517; x_wconf 83' lang='lat' dir='ltr'><strong>irater</strong></span> <span class='ocrx_word' id='word_1_132' title='bbox 364 2452 539 2536; x_wconf 88' lang='lat' dir='ltr'><strong>insuperis,</strong></span> <span class='ocrx_word' id='word_1_133' title='bbox 561 2451 641 2519; x_wconf 89' lang='lat' dir='ltr'><strong>banc</strong></span> <span class='ocrx_word' id='word_1_134' title='bbox 656 2452 821 2519; x_wconf 87' lang='lat' dir='ltr'><strong>transtulit</strong></span> <span class='ocrx_word' id='word_1_135' title='bbox 843 2451 883 2519; x_wconf 88' lang='lat' dir='ltr'><strong>ad</strong></span> <span class='ocrx_word' id='word_1_136' title='bbox 905 2454 1057 2536; x_wconf 86' lang='lat' dir='ltr'><strong>sepulcra.</strong></span> <span class='ocrx_word' id='word_1_137' title='bbox 1081 2452 1156 2535; x_wconf 88' lang='lat' dir='ltr'><strong>qnid</strong></span> <span class='ocrx_word' id='word_1_138' title='bbox 1179 2450 1371 2535; x_wconf 83' lang='lat' dir='ltr'><strong>exigendum</strong></span> 
     </span>
     <span class='ocr_line' id='line_1_20' title="bbox 245 2554 1369 2636; baseline -0.002 -15"><span class='ocrx_word' id='word_1_139' title='bbox 245 2554 285 2621; x_wconf 90' lang='lat' dir='ltr'><strong>ab</strong></span> <span class='ocrx_word' id='word_1_140' title='bbox 300 2555 355 2621; x_wconf 91' lang='lat' dir='ltr'><strong>illo</strong></span> <span class='ocrx_word' id='word_1_141' title='bbox 370 2555 423 2636; x_wconf 90' lang='lat' dir='ltr'><strong>sit,</strong></span> <span class='ocrx_word' id='word_1_142' title='bbox 447 2557 535 2621; x_wconf 91' lang='lat' dir='ltr'><strong>cuius</strong></span> <span class='ocrx_word' id='word_1_143' title='bbox 551 2554 714 2623; x_wconf 88' lang='lat' dir='ltr'><strong>diuiduum</strong></span> <span class='ocrx_word' id='word_1_144' title='bbox 729 2555 841 2621; x_wconf 87' lang='lat' dir='ltr'><strong>salutis</strong></span> <span class='ocrx_word' id='word_1_145' title='bbox 857 2555 949 2621; x_wconf 89' lang='lat' dir='ltr'><strong>busta</strong></span> <span class='ocrx_word' id='word_1_146' title='bbox 964 2556 1162 2621; x_wconf 73' lang='lat' dir='ltr'><strong>clauserunt?</strong></span> <span class='ocrx_word' id='word_1_147' title='bbox 1184 2554 1216 2619; x_wconf 90' lang='lat' dir='ltr'><strong>in</strong></span> <span class='ocrx_word' id='word_1_148' title='bbox 1232 2555 1369 2619; x_wconf 85' lang='lat' dir='ltr'><strong>summis</strong></span> 
     </span>
     <span class='ocr_line' id='line_1_21' title="bbox 246 2655 1405 2743; baseline -0.002 -18"><span class='ocrx_word' id='word_1_149' title='bbox 246 2656 476 2725; x_wconf 84' lang='lat' dir='ltr'><strong>adflictionibns</strong></span> <span class='ocrx_word' id='word_1_150' title='bbox 505 2658 591 2743; x_wconf 90' lang='lat' dir='ltr'><strong>queri</strong></span> <span class='ocrx_word' id='word_1_151' title='bbox 620 2677 682 2725; x_wconf 92' lang='lat' dir='ltr'><strong>non</strong></span> <span class='ocrx_word' id='word_1_152' title='bbox 709 2676 797 2741; x_wconf 88' lang='lat' dir='ltr'><strong>posse</strong></span> <span class='ocrx_word' id='word_1_153' title='bbox 826 2676 933 2725; x_wconf 86' lang='lat' dir='ltr'><strong>uocem</strong></span> <span class='ocrx_word' id='word_1_154' title='bbox 954 2656 1125 2743; x_wconf 85' lang='lat' dir='ltr'><strong>gemitibus</strong></span> <span class='ocrx_word' id='word_1_155' title='bbox 1153 2655 1405 2741; x_wconf 61' lang='lat' dir='ltr'><strong>octingenteno</strong></span> 
     </span>
     <span class='ocr_line' id='line_1_22' title="bbox 247 2758 1368 2848; baseline 0.001 -23"><span class='ocrx_word' id='word_1_156' title='bbox 247 2758 449 2830; x_wconf 85' lang='lat' dir='ltr'><strong>lacrimarum</strong></span> <span class='ocrx_word' id='word_1_157' title='bbox 470 2764 610 2848; x_wconf 90' lang='lat' dir='ltr'><strong>tempore</strong></span> <span class='ocrx_word' id='word_1_158' title='bbox 643 2762 780 2828; x_wconf 90' lang='lat' dir='ltr'><strong>dictatur</strong></span> <span class='ocrx_word' id='word_1_159' title='bbox 802 2763 968 2847; x_wconf 88' lang='lat' dir='ltr'><strong>inportuna</strong></span> <span class='ocrx_word' id='word_1_160' title='bbox 990 2762 1134 2828; x_wconf 80' lang='lat' dir='ltr'><strong>namatio.</strong></span> <span class='ocrx_word' id='word_1_161' title='bbox 1164 2760 1368 2843; x_wconf 78' lang='lat' dir='ltr'><strong>respondebo,</strong></span> 
     </span>
     <span class='ocr_line' id='line_1_23' title="bbox 247 2864 1369 2951; baseline -0.004 -20"><span class='ocrx_word' id='word_1_162' title='bbox 247 2866 328 2948; x_wconf 88' lang='lat' dir='ltr'><strong>quod</strong></span> <span class='ocrx_word' id='word_1_163' title='bbox 351 2884 407 2950; x_wconf 88' lang='lat' dir='ltr'><strong>par</strong></span> <span class='ocrx_word' id='word_1_164' title='bbox 429 2883 549 2951; x_wconf 89' lang='lat' dir='ltr'><strong>qnoque</strong></span> <span class='ocrx_word' id='word_1_165' title='bbox 569 2882 674 2932; x_wconf 90' lang='lat' dir='ltr'><strong>meum</strong></span> <span class='ocrx_word' id='word_1_166' title='bbox 696 2869 803 2950; x_wconf 84' lang='lat' dir='ltr'><strong>pectus</strong></span> <span class='ocrx_word' id='word_1_167' title='bbox 825 2866 926 2932; x_wconf 87' lang='lat' dir='ltr'><strong>acerbi</strong></span> <span class='ocrx_word' id='word_1_168' title='bbox 943 2883 1031 2932; x_wconf 86' lang='lat' dir='ltr'><strong>casae</strong></span> <span class='ocrx_word' id='word_1_169' title='bbox 1047 2880 1169 2932; x_wconf 89' lang='lat' dir='ltr'><strong>maeror</strong></span> <span class='ocrx_word' id='word_1_170' title='bbox 1189 2864 1369 2929; x_wconf 87' lang='lat' dir='ltr'><strong>intrauerit.</strong></span> 
     </span>
     <span class='ocr_line' id='line_1_24' title="bbox 246 2966 1370 3057; baseline -0.001 -25"><span class='ocrx_word' id='word_1_171' title='bbox 246 2984 302 3034; x_wconf 89' lang='lat' dir='ltr'><strong>nec</strong></span> <span class='ocrx_word' id='word_1_172' title='bbox 325 2968 421 3036; x_wconf 90' lang='lat' dir='ltr'><strong>diuidi</strong></span> <span class='ocrx_word' id='word_1_173' title='bbox 445 2990 493 3035; x_wconf 92' lang='lat' dir='ltr'><strong>me</strong></span> <span class='ocrx_word' id='word_1_174' title='bbox 515 2986 603 3057; x_wconf 86' lang='lat' dir='ltr'><strong>posse</strong></span> <span class='ocrx_word' id='word_1_175' title='bbox 632 2971 671 3035; x_wconf 88' lang='lat' dir='ltr'><strong>ab</strong></span> <span class='ocrx_word' id='word_1_176' title='bbox 693 2971 759 3035; x_wconf 87' lang='lat' dir='ltr'><strong>eius</strong></span> <span class='ocrx_word' id='word_1_177' title='bbox 780 2968 924 3049; x_wconf 88' lang='lat' dir='ltr'><strong>tristitia,</strong></span> <span class='ocrx_word' id='word_1_178' title='bbox 954 2986 1045 3053; x_wconf 89' lang='lat' dir='ltr'><strong>quom</strong></span> <span class='ocrx_word' id='word_1_179' title='bbox 1072 2966 1151 3033; x_wconf 89' lang='lat' dir='ltr'><strong>mibi</strong></span> <span class='ocrx_word' id='word_1_180' title='bbox 1173 2983 1228 3050; x_wconf 92' lang='lat' dir='ltr'><strong>pro</strong></span> <span class='ocrx_word' id='word_1_181' title='bbox 1250 2966 1370 3031; x_wconf 90' lang='lat' dir='ltr'><strong>uolnu-</strong></span> 
     </span>
     <span class='ocr_line' id='line_1_25' title="bbox 243 3067 1368 3155; baseline -0.003 -19"><span class='ocrx_word' id='word_1_182' title='bbox 243 3072 344 3137; x_wconf 86' lang='lat' dir='ltr'><strong>tatnm</strong></span> <span class='ocrx_word' id='word_1_183' title='bbox 360 3073 566 3141; x_wconf 90' lang='lat' dir='ltr'><strong>similitudine</strong></span> <span class='ocrx_word' id='word_1_184' title='bbox 582 3090 806 3155; x_wconf 89' lang='lat' dir='ltr'><strong>nonnunquam</strong></span> <span class='ocrx_word' id='word_1_185' title='bbox 821 3073 902 3137; x_wconf 87' lang='lat' dir='ltr'><strong>laeta</strong></span> <span class='ocrx_word' id='word_1_186' title='bbox 916 3072 1091 3137; x_wconf 85' lang='lat' dir='ltr'><strong>iunxerunt.</strong></span> <span class='ocrx_word' id='word_1_187' title='bbox 1114 3067 1241 3136; x_wconf 89' lang='lat' dir='ltr'><strong>ostendo</strong></span> <span class='ocrx_word' id='word_1_188' title='bbox 1256 3074 1368 3134; x_wconf 88' lang='lat' dir='ltr'><strong>tamen</strong></span> 
     </span>
     <span class='ocr_line' id='line_1_26' title="bbox 241 3172 1404 3259; baseline -0.003 -20"><span class='ocrx_word' id='word_1_189' title='bbox 241 3188 333 3257; x_wconf 89' lang='lat' dir='ltr'><strong>saepe</strong></span> <span class='ocrx_word' id='word_1_190' title='bbox 353 3178 504 3259; x_wconf 85' lang='lat' dir='ltr'><strong>grauioris</strong></span> <span class='ocrx_word' id='word_1_191' title='bbox 526 3174 603 3240; x_wconf 91' lang='lat' dir='ltr'><strong>mali</strong></span> <span class='ocrx_word' id='word_1_192' title='bbox 631 3175 666 3240; x_wconf 94' lang='lat' dir='ltr'><strong>in</strong></span> <span class='ocrx_word' id='word_1_193' title='bbox 695 3174 833 3240; x_wconf 88' lang='lat' dir='ltr'><strong>luctibus</strong></span> <span class='ocrx_word' id='word_1_194' title='bbox 855 3174 991 3240; x_wconf 90' lang='lat' dir='ltr'><strong>indicem</strong></span> <span class='ocrx_word' id='word_1_195' title='bbox 1014 3174 1108 3239; x_wconf 83' lang='lat' dir='ltr'><strong>inisse</strong></span> <span class='ocrx_word' id='word_1_196' title='bbox 1136 3189 1312 3237; x_wconf 88' lang='lat' dir='ltr'><strong>sermonem</strong></span> <span class='ocrx_word' id='word_1_197' title='bbox 1335 3172 1404 3237; x_wconf 74' lang='lat' dir='ltr'><strong>ete</strong></span> 
     </span>
     <span class='ocr_line' id='line_1_27' title="bbox 241 3274 1370 3363; baseline -0.002 -24"><span class='ocrx_word' id='word_1_198' title='bbox 241 3274 416 3363; x_wconf 89' lang='lat' dir='ltr'><strong>intercepta</strong></span> <span class='ocrx_word' id='word_1_199' title='bbox 436 3278 664 3347; x_wconf 87' lang='lat' dir='ltr'><strong>taciturnitatis</strong></span> <span class='ocrx_word' id='word_1_200' title='bbox 685 3277 824 3345; x_wconf 88' lang='lat' dir='ltr'><strong>remedia</strong></span> <span class='ocrx_word' id='word_1_201' title='bbox 850 3278 1004 3362; x_wconf 89' lang='lat' dir='ltr'><strong>proditore</strong></span> <span class='ocrx_word' id='word_1_202' title='bbox 1038 3274 1206 3361; x_wconf 89' lang='lat' dir='ltr'><strong>conloquio.</strong></span> <span class='ocrx_word' id='word_1_203' title='bbox 1244 3274 1370 3340; x_wconf 88' lang='lat' dir='ltr'><strong>dicam:</strong></span> 
     </span>
    </p>
   </div>
   <div class='ocr_carea' id='block_1_5' title="bbox 240 3462 1370 3643">
    <p class='ocr_par' dir='ltr' id='par_1_5' title="bbox 240 3462 1370 3643">
     <span class='ocr_line' id='line_1_28' title="bbox 290 3462 1370 3570; baseline -0.003 -18"><span class='ocrx_word' id='word_1_204' title='bbox 290 3498 307 3552; x_wconf 84' lang='lat'>2</span> <span class='ocrx_word' id='word_1_205' title='bbox 333 3462 453 3570; x_wconf 56' lang='lat' dir='ltr'><strong>reginem</strong></span> <span class='ocrx_word' id='word_1_206' title='bbox 480 3498 507 3554; x_wconf 89' lang='lat' dir='ltr'><em>B</em></span> <span class='ocrx_word' id='word_1_207' title='bbox 619 3502 636 3555; x_wconf 82' lang='lat'><strong>3</strong></span> <span class='ocrx_word' id='word_1_208' title='bbox 662 3517 715 3570; x_wconf 88' lang='lat' dir='ltr'><strong>qna</strong></span> <span class='ocrx_word' id='word_1_209' title='bbox 733 3501 832 3568; x_wconf 80' lang='lat' dir='ltr'><strong>ecqui</strong></span> <span class='ocrx_word' id='word_1_210' title='bbox 853 3501 965 3556; x_wconf 80' lang='lat' dir='ltr'><strong>Tcosr.</strong></span> <span class='ocrx_word' id='word_1_211' title='bbox 1076 3498 1093 3553; x_wconf 78' lang='lat'>4</span> <span class='ocrx_word' id='word_1_212' title='bbox 1119 3500 1146 3551; x_wconf 91' lang='lat' dir='ltr'><strong>et</strong></span> <span class='ocrx_word' id='word_1_213' title='bbox 1164 3512 1230 3553; x_wconf 79' lang='lat' dir='ltr'><strong>erce</strong></span> <span class='ocrx_word' id='word_1_214' title='bbox 1251 3492 1370 3551; x_wconf 71' lang='lat' dir='ltr'><strong>Vcorr.</strong></span> 
     </span>
     <span class='ocr_line' id='line_1_29' title="bbox 240 3586 780 3643; baseline 0.007 -6"><span class='ocrx_word' id='word_1_215' title='bbox 240 3597 274 3637; x_wconf 78' lang='lat' dir='ltr'><strong>ssa</strong></span> <span class='ocrx_word' id='word_1_216' title='bbox 293 3586 334 3639; x_wconf 86' lang='lat'><strong>1?</strong></span> <span class='ocrx_word' id='word_1_217' title='bbox 435 3586 485 3641; x_wconf 90' lang='lat' dir='ltr'><strong>boc</strong></span> <span class='ocrx_word' id='word_1_218' title='bbox 502 3590 594 3642; x_wconf 84' lang='lat' dir='ltr'><strong>contra</strong></span> <span class='ocrx_word' id='word_1_219' title='bbox 611 3587 732 3643; x_wconf 83' lang='lat' dir='ltr'><strong>extiterit</strong></span> <span class='ocrx_word' id='word_1_220' title='bbox 754 3586 780 3641; x_wconf 82' lang='grc' dir='ltr'><em>Τ</em></span> 
     </span>
    </p>
   </div>
   <div class='ocr_carea' id='block_1_6' title="bbox 237 3684 1372 4190">
    <p class='ocr_par' dir='ltr' id='par_1_6' title="bbox 237 3684 1372 4190">
     <span class='ocr_line' id='line_1_30' title="bbox 292 3684 1298 3753; baseline -0.004 -11"><span class='ocrx_word' id='word_1_221' title='bbox 292 3687 330 3742; x_wconf 91' lang='grc' dir='ltr'><strong>Π.</strong></span> <span class='ocrx_word' id='word_1_222' title='bbox 366 3688 381 3742; x_wconf 84' lang='grc'><strong>7</strong></span> <span class='ocrx_word' id='word_1_223' title='bbox 405 3690 535 3745; x_wconf 85' lang='lat' dir='ltr'><strong>ennodius</strong></span> <span class='ocrx_word' id='word_1_224' title='bbox 558 3694 654 3749; x_wconf 62' lang='grc' dir='ltr'><strong>ΜΤ</strong></span> <span class='ocrx_word' id='word_1_225' title='bbox 762 3691 779 3744; x_wconf 93' lang='grc'>8</span> <span class='ocrx_word' id='word_1_226' title='bbox 805 3690 959 3745; x_wconf 87' lang='lat' dir='ltr'><strong>commertia</strong></span> <span class='ocrx_word' id='word_1_227' title='bbox 976 3688 1039 3753; x_wconf 80' lang='lat' dir='ltr'><strong>LV,</strong></span> <span class='ocrx_word' id='word_1_228' title='bbox 1066 3684 1227 3741; x_wconf 80' lang='lat' dir='ltr'><strong>commentis</strong></span> <span class='ocrx_word' id='word_1_229' title='bbox 1244 3684 1298 3739; x_wconf 80' lang='lat' dir='ltr'><strong>PT</strong></span> 
     </span>
     <span class='ocr_line' id='line_1_31' title="bbox 239 3768 1370 3839; baseline -0.005 -11"><span class='ocrx_word' id='word_1_230' title='bbox 239 3774 257 3828; x_wconf 81' lang='grc'><strong>9</strong></span> <span class='ocrx_word' id='word_1_231' title='bbox 272 3775 384 3829; x_wconf 86' lang='lat' dir='ltr'><strong>meroris</strong></span> <span class='ocrx_word' id='word_1_232' title='bbox 402 3774 513 3831; x_wconf 77' lang='lat' dir='ltr'><strong><em>BLTV</em></strong></span> <span class='ocrx_word' id='word_1_233' title='bbox 621 3780 654 3832; x_wconf 88' lang='lat'><strong>10</strong></span> <span class='ocrx_word' id='word_1_234' title='bbox 672 3774 751 3830; x_wconf 85' lang='lat' dir='ltr'><strong>uideo</strong></span> <span class='ocrx_word' id='word_1_235' title='bbox 771 3775 796 3830; x_wconf 80' lang='grc' dir='ltr'><em>Τ</em></span> <span class='ocrx_word' id='word_1_236' title='bbox 906 3776 936 3831; x_wconf 95' lang='grc'><strong>11</strong></span> <span class='ocrx_word' id='word_1_237' title='bbox 956 3773 1057 3829; x_wconf 77' lang='lat' dir='ltr'><strong>inserat</strong></span> <span class='ocrx_word' id='word_1_238' title='bbox 1073 3773 1112 3827; x_wconf 77' lang='lat' dir='ltr'><strong>L*</strong></span> <span class='ocrx_word' id='word_1_239' title='bbox 1224 3768 1257 3824; x_wconf 74' lang='lat'><strong>12</strong></span> <span class='ocrx_word' id='word_1_240' title='bbox 1274 3771 1370 3839; x_wconf 81' lang='lat' dir='ltr'><strong>prute-</strong></span> 
     </span>
     <span class='ocr_line' id='line_1_32' title="bbox 238 3854 1371 3931; baseline -0.007 -15"><span class='ocrx_word' id='word_1_241' title='bbox 238 3863 318 3929; x_wconf 74' lang='lat' dir='ltr'><strong>gctur</strong></span> <span class='ocrx_word' id='word_1_242' title='bbox 336 3861 373 3916; x_wconf 68' lang='grc' dir='ltr'><strong>Τ*</strong></span> <span class='ocrx_word' id='word_1_243' title='bbox 477 3864 509 3918; x_wconf 83' lang='grc'><strong>15</strong></span> <span class='ocrx_word' id='word_1_244' title='bbox 527 3866 618 3931; x_wconf 86' lang='lat' dir='ltr'><strong>pectus</strong></span> <span class='ocrx_word' id='word_1_245' title='bbox 636 3878 671 3918; x_wconf 77' lang='lat' dir='ltr'><strong>sc</strong></span> <span class='ocrx_word' id='word_1_246' title='bbox 687 3861 804 3931; x_wconf 65' lang='lat' dir='ltr'><strong>moestis</strong></span> <span class='ocrx_word' id='word_1_247' title='bbox 825 3862 851 3917; x_wconf 80' lang='grc' dir='ltr'><em>Τ</em></span> <span class='ocrx_word' id='word_1_248' title='bbox 950 3860 1097 3929; x_wconf 77' lang='lat' dir='ltr'><strong>quidquam</strong></span> <span class='ocrx_word' id='word_1_249' title='bbox 1114 3857 1142 3911; x_wconf 99' lang='grc' dir='ltr'><strong><em>Β</em></strong></span> <span class='ocrx_word' id='word_1_250' title='bbox 1254 3854 1288 3909; x_wconf 85' lang='grc'><strong>16</strong></span> <span class='ocrx_word' id='word_1_251' title='bbox 1306 3870 1371 3924; x_wconf 82' lang='lat' dir='ltr'><strong>pre-</strong></span> 
     </span>
     <span class='ocr_line' id='line_1_33' title="bbox 237 3939 1371 4017; baseline -0.006 -16"><span class='ocrx_word' id='word_1_252' title='bbox 237 3950 294 4002; x_wconf 87' lang='lat' dir='ltr'><strong>met</strong></span> <span class='ocrx_word' id='word_1_253' title='bbox 320 3946 360 4013; x_wconf 88' lang='lat' dir='ltr'><strong>B,</strong></span> <span class='ocrx_word' id='word_1_254' title='bbox 391 3947 507 4017; x_wconf 81' lang='lat' dir='ltr'><strong>praemit</strong></span> <span class='ocrx_word' id='word_1_255' title='bbox 536 3946 571 4001; x_wconf 77' lang='lat' dir='ltr'><strong>V·</strong></span> <span class='ocrx_word' id='word_1_256' title='bbox 681 3947 714 4002; x_wconf 82' lang='lat'><strong>18</strong></span> <span class='ocrx_word' id='word_1_257' title='bbox 740 3960 851 4016; x_wconf 85' lang='lat' dir='ltr'><strong>superne</strong></span> <span class='ocrx_word' id='word_1_258' title='bbox 877 3946 915 4000; x_wconf 70' lang='lat' dir='ltr'><strong>L*</strong></span> <span class='ocrx_word' id='word_1_259' title='bbox 941 3952 974 4001; x_wconf 82' lang='lat' dir='ltr'><strong>ssi</strong></span> <span class='ocrx_word' id='word_1_260' title='bbox 1001 3944 1116 4000; x_wconf 59' lang='lat' dir='ltr'><strong>uidam</strong></span> <span class='ocrx_word' id='word_1_261' title='bbox 1223 3939 1371 4010; x_wconf 76' lang='lat' dir='ltr'><strong>sepulchra</strong></span> 
     </span>
     <span class='ocr_line' id='line_1_34' title="bbox 238 4025 1295 4105; baseline -0.007 -17"><span class='ocrx_word' id='word_1_262' title='bbox 238 4032 294 4089; x_wconf 74' lang='lat' dir='ltr'><strong>Bb</strong></span> <span class='ocrx_word' id='word_1_263' title='bbox 395 4034 429 4089; x_wconf 84' lang='grc'><strong>19</strong></span> <span class='ocrx_word' id='word_1_264' title='bbox 446 4032 596 4105; x_wconf 81' lang='lat' dir='ltr'><strong>diuiduum}</strong></span> <span class='ocrx_word' id='word_1_265' title='bbox 614 4033 758 4089; x_wconf 81' lang='lat' dir='ltr'><strong>dissidium</strong></span> <span class='ocrx_word' id='word_1_266' title='bbox 777 4032 860 4087; x_wconf 75' lang='lat' dir='ltr'><strong>Sirra.</strong></span> <span class='ocrx_word' id='word_1_267' title='bbox 971 4030 1007 4085; x_wconf 80' lang='lat'><strong>20</strong></span> <span class='ocrx_word' id='word_1_268' title='bbox 1023 4029 1117 4101; x_wconf 81' lang='lat' dir='ltr'><strong>quaeri</strong></span> <span class='ocrx_word' id='word_1_269' title='bbox 1134 4028 1150 4083; x_wconf 86' lang='lat' dir='ltr'><strong>b</strong></span> <span class='ocrx_word' id='word_1_270' title='bbox 1168 4033 1194 4083; x_wconf 82' lang='lat' dir='ltr'><strong>et</strong></span> <span class='ocrx_word' id='word_1_271' title='bbox 1211 4025 1295 4081; x_wconf 72' lang='lat' dir='ltr'><strong>stem</strong></span> 
     </span>
     <span class='ocr_line' id='line_1_35' title="bbox 238 4112 1372 4190; baseline -0.006 -17"><span class='ocrx_word' id='word_1_272' title='bbox 238 4117 525 4190; x_wconf 76' lang='lat' dir='ltr'><strong>ildiotsturscripsi,</strong></span> <span class='ocrx_word' id='word_1_273' title='bbox 543 4116 817 4174; x_wconf 78' lang='lat' dir='ltr'><strong>dicstanLPTVb</strong></span> <span class='ocrx_word' id='word_1_274' title='bbox 914 4116 949 4172; x_wconf 77' lang='grc'><strong>21</strong></span> <span class='ocrx_word' id='word_1_275' title='bbox 960 4132 1049 4172; x_wconf 90' lang='lat' dir='ltr'><strong>meror</strong></span> <span class='ocrx_word' id='word_1_276' title='bbox 1060 4114 1170 4170; x_wconf 78' lang='lat' dir='ltr'><strong><em>BLTV</em></strong></span> <span class='ocrx_word' id='word_1_277' title='bbox 1263 4112 1302 4167; x_wconf 64' lang='grc' dir='ltr'><strong><em>Ἃ</em></strong></span> <span class='ocrx_word' id='word_1_278' title='bbox 1318 4126 1372 4166; x_wconf 88' lang='lat' dir='ltr'><strong>no·</strong></span> 
     </span>
    </p>
   </div>
   <div class='ocr_carea' id='block_1_7' title="bbox 238 4214 1297 4381">
    <p class='ocr_par' dir='ltr' id='par_1_7' title="bbox 238 4214 1297 4381">
     <span class='ocr_line' id='line_1_36' title="bbox 239 4214 1297 4291; baseline -0.009 -14"><span class='ocrx_word' id='word_1_279' title='bbox 239 4236 374 4291; x_wconf 82' lang='lat' dir='ltr'><strong>nunquam</strong></span> <span class='ocrx_word' id='word_1_280' title='bbox 392 4221 420 4277; x_wconf 92' lang='grc' dir='ltr'><strong><em>Β</em></strong></span> <span class='ocrx_word' id='word_1_281' title='bbox 520 4224 677 4278; x_wconf 83' lang='lat' dir='ltr'><strong>inunxerunt</strong></span> <span class='ocrx_word' id='word_1_282' title='bbox 696 4221 759 4287; x_wconf 83' lang='lat' dir='ltr'><strong>BL,</strong></span> <span class='ocrx_word' id='word_1_283' title='bbox 786 4222 927 4277; x_wconf 84' lang='lat' dir='ltr'><strong>iunxerunt</strong></span> <span class='ocrx_word' id='word_1_284' title='bbox 956 4220 982 4274; x_wconf 81' lang='lat' dir='ltr'><strong><em>V</em></strong></span> <span class='ocrx_word' id='word_1_285' title='bbox 1096 4216 1129 4271; x_wconf 80' lang='lat'><strong>25</strong></span> <span class='ocrx_word' id='word_1_286' title='bbox 1152 4228 1244 4285; x_wconf 84' lang='lat' dir='ltr'><strong>ssspsa</strong></span> <span class='ocrx_word' id='word_1_287' title='bbox 1268 4214 1297 4269; x_wconf 91' lang='grc' dir='ltr'><strong><em>Β</em></strong></span> 
     </span>
     <span class='ocr_line' id='line_1_37' title="bbox 238 4306 538 4381; baseline 0 -2"><span class='ocrx_word' id='word_1_288' title='bbox 238 4325 272 4379; x_wconf 71' lang='lat'><strong>26</strong></span> <span class='ocrx_word' id='word_1_289' title='bbox 289 4306 493 4381; x_wconf 65' lang='lat' dir='ltr'><strong>tacitsnststis</strong></span> <span class='ocrx_word' id='word_1_290' title='bbox 510 4326 538 4379; x_wconf 89' lang='grc' dir='ltr'><strong><em>Β</em></strong></span> 
     </span>
    </p>
   </div>
   <div class='ocr_carea' id='block_1_8' title="bbox 0 0 1472 4934">
    <p class='ocr_par' dir='ltr' id='par_1_8' title="bbox 0 0 1472 4934">
     <span class='ocr_line' id='line_1_38' title="bbox 0 0 1472 4934; baseline 0 2"><span class='ocrx_word' id='word_1_291' title='bbox 0 0 1472 4934; x_wconf 95' lang='lat' dir='ltr'><strong> </strong></span> 
     </span>
    </p>
   </div>
  </div>
 </body>
</html>
