2934 4934
1086 395 1211 442 LXXVII

98 563 164 624 nont
183 563 209 624 et
230 559 372 626 ridentia
393 561 560 628 uerborum
587 564 734 645 permina
762 563 938 648 depinprent
961 563 1210 630 011711303εωῦ3-

97 662 520 746 enumericensium).
559 666 710 733 nimirum
739 667 862 733 flosculi
891 669 967 734 sunt
992 667 1046 751 qui
1068 667 1208 732 calathos

96 767 224 832 exhibent
250 767 302 832 nel
332 768 498 852 complent.
520 805 563 816 -·-
584 768 658 854 463,
684 769 725 834 14
750 774 808 836 ont
829 771 873 836 ed
895 770 1049 837 directum
1069 769 1210 834 nomime

95 870 177 952 opitis
195 870 331 952 (anpetis
354 871 457 954 codd.)
479 873 679 953 propositum
701 877 759 938 aut
786 875 919 939 morinis
947 874 1117 956 obliquum,
1148 874 1209 940 uisi

94 971 159 1036 lorte
180 972 273 1038 etiam
294 972 434 1038 tornines
456 974 489 1038 in
511 973 654 1040 terminis
676 978 865 1044 mutandum
888 980 945 1044 est.
975 979 1101 1043 litterae
1123 977 1208 1042 scili·

93 1076 133 1140 oet
152 1095 248 1142 mores
269 1078 432 1144 bominum
455 1079 502 1144 ita
523 1081 638 1162 regunt
661 1083 696 1146 ut
718 1081 839 1148 rectum
861 1082 923 1148 iter
941 1086 1070 1146 teneant
1092 1084 1157 1158 aut,
1180 1081 1208 1145 si

93 1178 136 1259 qui
154 1178 311 1262 obliquum
333 1182 467 1264 ingressi
490 1183 572 1262 suni,
596 1199 647 1248 eos
670 1185 704 1248 in
725 1183 814 1250 uiam
834 1184 995 1250 reducant.
1010 1221 1053 1232 -
1067 1183 1141 1258 472,
1165 1184 1208 1248 20

91 1283 186 1362 utper
205 1282 361 1348 mititiam
383 1285 450 1350 eins
472 1304 527 1350 nee
559 1284 744 1352 incendium
768 1291 859 1351 nrbes
885 1287 986 1370 (urbis
1012 1285 1107 1369 BLV,
1131 1285 1212 1350 urbi

91 1383 205 1467 teon.)
228 1405 285 1452 nee
307 1405 416 1453 sueres
436 1389 616 1470 corruptele
629 1390 774 1474 uirpims
791 1391 945 1474 (nirpinie
960 1390 1002 1475 B)
1019 1389 1205 1472 possideret.

91 1487 156 1552 ube
176 1491 372 1574 cognoscitur
393 1491 425 1556 in
449 1492 652 1558 emendandis
681 1493 801 1559 talibus
824 1493 964 1560 codicum
986 1493 1206 1572 inconstantia,

91 1589 134 1670 qui
158 1592 301 1670 uirpines
330 1595 414 1660 recte
448 1595 652 1680 scripserunt,
690 1597 781 1662 urbis
812 1599 970 1664 intectum
1001 1599 1205 1678 reliquerunt,

89 1691 138 1758 uisi
165 1697 241 1777 quod
275 1696 417 1764 00me
448 1716 584 1764 errorem
616 1701 745 1782 quidem
774 1701 940 1780 intellexit,
971 1702 1005 1766 in
1029 1700 1207 1767 edhibeuda

89 1797 178 1863 umen
206 1802 328 1866 medela
357 1800 463 1884 lapsus
486 1807 543 1868 est.
568 1839 606 1850 -
631 1801 654 1868 C
677 1803 693 1867 I
715 1804 747 1882 3,
771 1805 789 1869 7
812 1805 903 1868 tressa
920 1825 980 1886 per
1000 1807 1206 1886 tenementum

88 1918 159 1964 nune
186 1901 305 1968 emme
324 1903 454 1984 perdere
476 1905 555 1969 uitis
580 1905 672 1987 (nites
693 1905 808 1988 codd),
839 1906 1003 1991 Frupsbns
1023 1911 1059 1970 ut
1081 1911 1206 1986 ornent,

88 2003 209 2070 uulnera
241 2007 427 2086 concilient,
466 2008 487 2073 i.
511 2029 537 2074 s.
568 2010 700 2076 uulnere
733 2009 890 2089 efficiunt,
923 2014 960 2076 ut
989 2011 1066 2077 uitis
1100 2011 1205 2093 fruges

88 2104 161 2184 ierat,
181 2127 277 2192 eaque
299 2110 369 2175 ideo
390 2111 467 2178 tolie
490 2113 640 2194 deponere
663 2113 798 2178 iubetur.
822 2111 945 2180 -ol
968 2113 1019 2194 21,
1045 2111 1083 2179 17
1108 2110 1206 2176 nien

87 2213 203 2277 meno
233 2218 375 2296 martyre
398 2214 563 2298 Confessor
594 2215 648 2280 itte
676 2215 795 2280 distitit
828 2215 958 2298 (destitit
980 2217 1034 2301 B),
1072 2218 1093 2283 i.
1118 2236 1144 2282 e.
1171 2215 1205 2280 in

87 2315 158 2380 nulla
179 2336 210 2382 re
234 2316 391 2384 consessor
413 2339 432 2384 e
454 2324 593 2402 martyre
623 2319 797 2386 differebat
837 2321 875 2385 de
904 2321 1135 2386 constructione
1164 2319 1203 2386 el.

87 2414 201 2486 Vemnt.
216 2420 304 2486 Fert.
321 2421 368 2486 IV
390 2422 441 2506 26,
461 2424 533 2488 131.
551 2421 632 2490 —O
654 2425 686 2490 ll
711 2425 761 2506 61,
785 2424 806 2488 2
830 2423 866 2491 Si
887 2424 972 2490 deses
989 2421 1084 2506 (desis
1099 2422 1201 2504 codd.)

82 2526 177 2598 pann
211 2523 337 2605 fercuta
370 2524 536 2610 concilius,
572 2526 753 2591 Anrbitiosu
784 2528 885 2610 fumes
916 2525 1034 2592 lassato
1063 2525 1204 2609 predipu

85 2641 177 2692 nonu:
201 2627 525 2704 neumnensium,
555 2629 585 2693 si
607 2634 709 2694 tueeut
733 2630 891 2695 duremus.
928 2632 966 2698 de
989 2629 1114 2696 homine
1137 2629 1203 2693 lin·

86 2743 150 2808 guae
170 2731 316 2797 sordibus
338 2732 491 2812 horrente,
515 2735 566 2816 qui
583 2734 698 2799 amieos
713 2733 795 2800 bene
809 2733 966 2816 pascebat,
990 2733 1104 2816 agitur.
1135 2733 1200 2817 bic,

86 2827 179 2916 inquit,
214 2835 242 2901 si
273 2834 417 2900 indoctus
449 2837 481 2902 et
510 2836 629 2919 ingenii
662 2835 746 2922 pigri
776 2839 841 2915 est,
873 2834 996 2901 sodales
1030 2834 1203 2901 esurientes

86 2933 266 3004 immoderati
301 2942 491 3020 euagantur,
525 2937 620 3004 rebus
653 2939 847 3024 consumptis
881 2937 1078 3023 impudentia
1110 2938 1202 3004 elati:

84 3035 150 3103 idem
177 3042 327 3106 mendum
350 3041 402 3120 64,
425 3043 464 3106 21
498 3041 639 3107 recurrit.
677 3045 747 3125 post
769 3063 864 3108 censu
886 3040 1014 3125 grauium
1036 3043 1201 3126 interpun-

84 3143 200 3222 gendum
228 3148 296 3220 est3
330 3166 403 3212 nem
431 3163 634 3231 personarum
657 3149 789 3214 uariatio
814 3147 1139 3226 concilies-tenet,
1174 3145 1203 3210 si

85 3248 265 3314 enuntiatum
282 3249 467 3332 primarium
483 3250 601 3334 duplici
617 3250 736 3334 protasi
752 3252 973 3336 circumdetur,
990 3249 1145 3332 displicet.
1160 3286 1200 3298 -

85 3343 147 3413 011
170 3354 240 3431 117,
267 3353 306 3417 11
330 3351 376 3416 Et
397 3371 509 3418 nonnn
532 3353 622 3420 dulce
644 3357 698 3430 est,
727 3351 880 3436 eie'fcctis
904 3351 1037 3418 Mettica
1060 3352 1202 3438 (mettesu

84 3447 135 3532 LV,
154 3455 286 3520 nntlose
302 3456 342 3540 B)
368 3455 463 3524 dicer.
494 3456 641 3523 Sebottus
664 3457 753 3522 dine
767 3455 906 3524 Melissa
923 3455 1085 3540 proposuit
1099 3455 1200 3522 metro

85 3554 294 3645 satisfacturus.
333 3559 385 3623 sed
416 3579 487 3625 mee
516 3559 663 3626 correctio
694 3561 822 3626 lenitate
852 3561 991 3644 praestat
1013 3560 1043 3624 et
1066 3559 1201 3624 nominis

85 3653 183 3740 lormis,
206 3681 284 3746 ques
299 3663 333 3728 in
349 3663 499 3728 carminis
515 3663 715 3747 inscriptione
731 3661 852 3730 codices
867 3662 1013 3729 exhibent
1030 3659 1199 3740 (Mneu-

86 3756 158 3828 ΒΑΕ
175 3765 210 3843 Β,
234 3763 464 3832 MELLESE
484 3765 520 3844 L,
544 3765 808 3834 metensem
828 3765 880 3848 V),
904 3764 1150 3832 commendatur.

117 3881 230 3952 localis
253 3887 269 3950 i
293 3905 349 3970 pro
371 3907 386 3952 e
408 3887 597 3970 subrependi
618 3886 716 3954 umbo
737 3889 783 3952 ite
804 3889 926 3965 insedit,
949 3891 985 3952 ut
1006 3886 1041 3952 in
1055 3889 1199 3968 questam

84 3990 213 4054 nausiet
227 3989 480 4068 declinationem,
504 3992 585 4073 quod
603 3991 637 4056 in
652 3991 702 4056 his
719 3990 828 4056 formis
843 3990 1034 4072 optimorum
1047 3988 1199 4054 librorum

85 4101 215 4158 nummu
236 4094 379 4177 probetis
404 4094 568 4160 obseruare
590 4094 680 4165 licet:
709 4094 869 4174 subripere
891 4093 944 4172 91,
968 4092 1018 4157 10.
1049 4092 1123 4168 221,
1148 4092 1197 4156 17.

83 4191 233 4278 stepen
263 4197 338 4276 299,
372 4197 421 4264 18.
451 4197 526 4277 391,
560 4201 609 4266 14.
640 4199 713 4278 473,
745 4199 776 4264 3.
813 4196 1011 4277 subriperent
1040 4195 1114 4272 313,
1147 4195 1197 4260 14.

84 4290 191 4380 3724
224 4300 412 4382 subripiunt
440 4300 587 4382 463,13.
624 4301 785 4384 subripiet
813 4301 884 4376 143,
908 4298 937 4364 4.
971 4299 1199 4380 subripientem
