2934 4934
243 379 308 448 560
627 374 743 446 Magni
759 373 888 430 Felicis
905 373 1037 429 Luuedi

347 565 424 633 Gurn
448 570 552 635 dexter
575 567 679 650 espiet
700 564 850 633 Laurenti
871 583 1001 631 munere
1022 564 1150 648 Xystus.

348 670 399 738 Sie
422 675 528 736 menet
550 669 698 750 efficium,
722 669 803 752 qued
827 667 944 736 aeneus
968 667 1103 753 contigit
1125 668 1211 739 elim.

346 771 473 841 Obtulit
495 773 546 838 hie
568 771 732 855 templum,
756 771 883 837 ueniens
905 771 986 856 quod
1008 776 1168 839 eonseerst
1190 773 1256 839 ille.

754 993 860 1059 VIIII.

286 1148 375 1205 ITEM
394 1148 435 1204 IN
452 1147 619 1204 Besrnrcd
641 1147 687 1204 SS.
706 1147 794 1216 QVIA
813 1145 1003 1204 ARSLRANT
1022 1145 1210 1203 subrrrclu
1228 1145 1326 1214 QVAE

439 1251 545 1310 PRIVS
563 1252 617 1308 IBI
634 1251 803 1308 FVLBANT
822 1251 867 1306 ET
885 1252 942 1307 SIC
959 1251 1076 1307 FACTA
1094 1250 1167 1306 EST.

341 1376 427 1444 vilia
449 1379 535 1443 teetu
556 1376 644 1459 prius
668 1374 931 1466 furibusoessere
953 1374 1065 1458 beatis,

341 1479 374 1547 Si
397 1478 542 1564 splendor
563 1497 617 1561 per
641 1479 754 1545 demna
777 1479 874 1561 uenit,
897 1478 923 1542 si
946 1477 1086 1543 eulmina
1106 1476 1243 1542 dammis

340 1581 540 1666 Consurgunt
561 1580 707 1646 habitura
729 1584 831 1660 deum,
854 1580 881 1646 si
902 1581 1026 1665 perdite
1048 1585 1191 1645 creseunt

339 1685 468 1772 Ignibus
489 1683 640 1764 innocuis,
664 1683 691 1749 si
715 1684 792 1749 dent
814 1683 975 1766 dispendia
998 1683 1129 1749 cultum.

256 1791 278 1858 5
339 1787 447 1869 Qualis
471 1788 530 1854 erit
551 1805 700 1870 reparans
724 1787 955 1870 crepitantibus
979 1789 1071 1852 euete
1093 1786 1216 1862 ruinis?

338 1890 496 1975 Laurenti,
520 1893 574 1955 tue
598 1890 679 1955 bellu
701 1907 812 1974 gerens
838 1890 982 1955 ineendie
1003 1889 1104 1956 uince.

337 1994 465 2062 Sordida
487 1995 640 2060 marcenti
662 1993 808 2061 latuisset
831 1996 914 2059 terre
935 2011 1067 2071 redense,

336 2097 369 2166 si
392 2100 492 2163 status
515 2097 627 2164 faeiem
650 2099 830 2164 tenuissent
852 2099 944 2164 entre
965 2097 1093 2163 uetusti.

336 2201 396 2268 Sed
419 2205 586 2285 postquem
609 2201 712 2284 superi
734 2201 878 2267 dammas
902 2201 1014 2266 misere
1035 2199 1197 2278 secundas,

235 2304 275 2370 10
337 2305 386 2368 Ad
410 2303 518 2369 lumen
540 2305 655 2369 eineres
678 2305 839 2370 traxerunt
860 2303 922 2369 iste
944 2302 1118 2370 delendum.

231 2411 234 2418 '
334 2409 405 2473 Hue
428 2407 532 2473 oeulos
555 2410 701 2474 conuerte
725 2407 802 2490 pies,
824 2407 878 2490 qui
901 2406 1014 2473 ennete
1035 2425 1150 2491 uapore
1273 2489 1276 2492 ⁴

332 2510 492 2578 Praedieis
514 2510 702 2590 mundanda,
725 2515 824 2595 pater,
847 2509 1002 2595 rebusque
1026 2510 1181 2577 doeendus

334 2617 469 2700 instrue,
493 2634 533 2681 ne
554 2614 660 2681 uerbis
684 2615 801 2682 titubet
823 2633 911 2680 mens
933 2617 1034 2681 nescia
1057 2614 1144 2681 recti.

774 2841 813 2905 X.

440 2993 574 3047 vusssvs
592 2991 633 3047 IN
652 2992 753 3047 DOMO
773 2989 979 3047 MEDIOLANI
998 2991 1148 3048 SCRIP'H.

313 3113 452 3179 nedibus
474 3114 514 3180 ed
537 3114 664 3200 genium
687 3115 748 3180 due
772 3115 846 3179 snut
868 3132 1008 3180 concessa
1030 3133 1085 3197 per
1106 3133 1229 3198 aeuum,

355 3215 387 3282 Si
412 3216 535 3283 niteant
558 3216 671 3282 crustis
695 3219 751 3283 aut
774 3217 891 3282 domini
915 3219 1037 3282 merito.

275 3435 372 3490 deum
397 3435 507 3504 scripsi,
535 3451 616 3506 quum
638 3437 701 3492 dibri
805 3453 913 3492 munere
937 3440 1008 3494 cerei.
1033 3439 1159 3494 Sebottue
1265 3447 1359 3512 syxtus

223 3537 263 3606 B,
293 3525 366 3605 iT,
394 3538 512 3592 christus
533 3539 609 3594 EPb
714 3542 850 3594 enumeret
867 3539 916 3595 Pb
1020 3541 1113 3600 VIIII.
1140 3543 1242 3614 lusu]
1269 3546 1358 3600 ITEM

222 3640 263 3695 ru
281 3640 366 3697 nure
384 3639 474 3696 noco
493 3641 629 3698 encres
646 3643 790 3698 nnnrr
887 3627 970 3702 sebe
990 3649 1016 3702 r
1116 3648 1133 3702 2
1151 3649 1261 3720 sr-sr]
1279 3653 1360 3707 sre-

220 3730 259 3781 sie
276 3727 368 3783 P²Pb
471 3728 582 3784 ddeum
600 3728 629 3785 Β
646 3745 667 3784 e.
686 3731 702 3785 l.
809 3733 841 3801 si]
861 3731 900 3786 sie
917 3733 1033 3789 MP²1b
1134 3736 1305 3793 4innoeuis
1322 3739 1358 3792 sie

220 3813 286 3868 deut
308 3812 446 3882 dispendia
470 3815 573 3869 uultum
600 3816 676 3870 Tin
693 3831 750 3872 rae.
854 3819 877 3872 si
901 3819 976 3889 deut]
999 3819 1050 3874 fide
1067 3823 1098 3876 ut
1121 3820 1153 3875 E
1256 3826 1358 3880 sue·

221 3897 310 3953 ΕΜΤ
411 3901 485 3954 dtu
512 3901 577 3968 fort.
682 3903 741 3958 uice
766 3905 801 3969 P,
830 3905 888 3959 uite
913 3903 1010 3972 ΕΜΤ,
1040 3905 1147 3960 uitueb
1253 3911 1357 3965 deine

220 3995 308 4040 status
335 3986 404 4040 enni.
433 3985 561 4042 Scbottus
677 3991 779 4044 uetusti
807 3991 846 4057 B,
882 3994 990 4047 uetusts
1015 3993 1073 4048 rsit
1191 3995 1351 4054 9miseref.

220 4071 247 4126 B
351 4075 484 4126 auxerunt
509 4073 574 4139 sort.
687 4077 718 4129 11
746 4078 898 4145 peuereT
1000 4079 1032 4132 12
1059 4078 1173 4146 predicis
1201 4080 1291 4138 BEP

224 4311 249 4365 V
351 4313 366 4365 2
386 4319 408 4368 si
427 4315 567 4370 nitsneunt
585 4317 611 4371 L
715 4320 804 4374 cristis
824 4321 861 4375 B¹
