<?xml version="1.0" encoding="UTF-8"?>
<!DOCTYPE html PUBLIC "-//W3C//DTD XHTML 1.0 Transitional//EN"
    "http://www.w3.org/TR/xhtml1/DTD/xhtml1-transitional.dtd">
<html xmlns="http://www.w3.org/1999/xhtml" xml:lang="en" lang="en">
 <head>
  <title>
</title>
<meta http-equiv="Content-Type" content="text/html;charset=utf-8" />
  <meta name='ocr-system' content='tesseract 3.04.00' />
  <meta name='ocr-capabilities' content='ocr_page ocr_carea ocr_par ocr_line ocrx_word'/>
</head>
<body>
  <div class='ocr_page' id='page_1' title='image "./corpusscriptoru13wissgoog_0181.png"; bbox 0 0 2934 4934; ppageno 0'>
   <div class='ocr_carea' id='block_1_1' title="bbox 427 392 1199 463">
    <p class='ocr_par' dir='ltr' id='par_1_1' title="bbox 427 392 1199 463">
     <span class='ocr_line' id='line_1_1' title="bbox 427 392 1199 463; baseline 0.01 -16"><span class='ocrx_word' id='word_1_1' title='bbox 427 392 665 463; x_wconf 73' lang='lat' dir='ltr'><strong>Epistularum</strong></span> <span class='ocrx_word' id='word_1_2' title='bbox 681 392 770 449; x_wconf 82' lang='lat' dir='ltr'><strong>liber</strong></span> <span class='ocrx_word' id='word_1_3' title='bbox 786 394 841 451; x_wconf 71' lang='lat'><strong>111</strong></span> <span class='ocrx_word' id='word_1_4' title='bbox 1158 398 1199 463; x_wconf 79' lang='grc'><strong>77</strong></span> 
     </span>
    </p>
   </div>
   <div class='ocr_carea' id='block_1_2' title="bbox 54 579 1200 1390">
    <p class='ocr_par' dir='ltr' id='par_1_2' title="bbox 54 579 1200 1390">
     <span class='ocr_line' id='line_1_2' title="bbox 82 579 1200 667; baseline 0.006 -20"><span class='ocrx_word' id='word_1_5' title='bbox 82 598 129 662; x_wconf 84' lang='lat' dir='ltr'><strong>per</strong></span> <span class='ocrx_word' id='word_1_6' title='bbox 145 599 242 663; x_wconf 81' lang='lat' dir='ltr'><strong>quem</strong></span> <span class='ocrx_word' id='word_1_7' title='bbox 268 579 350 647; x_wconf 78' lang='lat' dir='ltr'><strong>nihil</strong></span> <span class='ocrx_word' id='word_1_8' title='bbox 378 581 465 647; x_wconf 86' lang='lat' dir='ltr'><strong>atiud</strong></span> <span class='ocrx_word' id='word_1_9' title='bbox 495 598 591 664; x_wconf 86' lang='lat' dir='ltr'><strong>quam</strong></span> <span class='ocrx_word' id='word_1_10' title='bbox 613 582 697 665; x_wconf 83' lang='lat' dir='ltr'><strong>quod</strong></span> <span class='ocrx_word' id='word_1_11' title='bbox 724 601 801 667; x_wconf 87' lang='lat' dir='ltr'><strong>opus</strong></span> <span class='ocrx_word' id='word_1_12' title='bbox 828 582 910 649; x_wconf 83' lang='lat' dir='ltr'><strong>esest</strong></span> <span class='ocrx_word' id='word_1_13' title='bbox 932 586 1063 653; x_wconf 85' lang='lat' dir='ltr'><strong>ostendi.</strong></span> <span class='ocrx_word' id='word_1_14' title='bbox 1102 585 1200 653; x_wconf 84' lang='lat' dir='ltr'><strong>libero</strong></span> 
     </span>
     <span class='ocr_line' id='line_1_3' title="bbox 81 682 1200 769; baseline 0.006 -22"><span class='ocrx_word' id='word_1_15' title='bbox 81 684 197 765; x_wconf 63' lang='lat' dir='ltr'><strong>pecare</strong></span> <span class='ocrx_word' id='word_1_16' title='bbox 223 683 336 769; x_wconf 69' lang='lat' dir='ltr'><strong>lingon</strong></span> <span class='ocrx_word' id='word_1_17' title='bbox 365 684 459 751; x_wconf 76' lang='lat' dir='ltr'><strong>meat</strong></span> <span class='ocrx_word' id='word_1_18' title='bbox 490 682 617 751; x_wconf 76' lang='lat' dir='ltr'><strong>officiis:</strong></span> <span class='ocrx_word' id='word_1_19' title='bbox 647 702 737 751; x_wconf 86' lang='lat' dir='ltr'><strong>mens</strong></span> <span class='ocrx_word' id='word_1_20' title='bbox 763 685 890 753; x_wconf 80' lang='lat' dir='ltr'><strong>confusa</strong></span> <span class='ocrx_word' id='word_1_21' title='bbox 911 686 1046 769; x_wconf 75' lang='lat' dir='ltr'><strong>gratiam</strong></span> <span class='ocrx_word' id='word_1_22' title='bbox 1076 688 1200 754; x_wconf 70' lang='lat' dir='ltr'><strong>mlum·</strong></span> 
     </span>
     <span class='ocr_line' id='line_1_4' title="bbox 81 785 1199 877; baseline 0.005 -24.879"><span class='ocrx_word' id='word_1_23' title='bbox 81 786 164 851; x_wconf 85' lang='lat' dir='ltr'><strong>tionis</strong></span> <span class='ocrx_word' id='word_1_24' title='bbox 186 785 322 853; x_wconf 61' lang='lat' dir='ltr'><strong>stimat·</strong></span> <span class='ocrx_word' id='word_1_25' title='bbox 345 804 417 853; x_wconf 84' lang='lat' dir='ltr'><strong>ecoe</strong></span> <span class='ocrx_word' id='word_1_26' title='bbox 436 786 494 852; x_wconf 84' lang='lat' dir='ltr'><strong>deo</strong></span> <span class='ocrx_word' id='word_1_27' title='bbox 515 786 550 852; x_wconf 92' lang='lat' dir='ltr'><strong>in</strong></span> <span class='ocrx_word' id='word_1_28' title='bbox 569 791 701 871; x_wconf 88' lang='lat' dir='ltr'><strong>utroque</strong></span> <span class='ocrx_word' id='word_1_29' title='bbox 722 789 847 873; x_wconf 64' lang='lat' dir='ltr'><strong>metim,</strong></span> <span class='ocrx_word' id='word_1_30' title='bbox 872 790 948 872; x_wconf 84' lang='lat' dir='ltr'><strong>quio.</strong></span> <span class='ocrx_word' id='word_1_31' title='bbox 967 808 1027 857; x_wconf 85' lang='lat' dir='ltr'><strong>nse</strong></span> <span class='ocrx_word' id='word_1_32' title='bbox 1048 808 1104 877; x_wconf 74' lang='lat' dir='ltr'><strong>ego</strong></span> <span class='ocrx_word' id='word_1_33' title='bbox 1127 808 1199 857; x_wconf 80' lang='lat' dir='ltr'><strong>reus</strong></span> 
     </span>
     <span class='ocr_line' id='line_1_5' title="bbox 80 889 1198 959; baseline 0.004 -5"><span class='ocrx_word' id='word_1_34' title='bbox 80 904 140 953; x_wconf 75' lang='lat' dir='ltr'><strong>m</strong></span> <span class='ocrx_word' id='word_1_35' title='bbox 163 889 200 955; x_wconf 81' lang='lat' dir='ltr'><strong>et</strong></span> <span class='ocrx_word' id='word_1_36' title='bbox 218 908 276 955; x_wconf 91' lang='lat' dir='ltr'><strong>uos</strong></span> <span class='ocrx_word' id='word_1_37' title='bbox 296 908 348 955; x_wconf 87' lang='lat' dir='ltr'><strong>ms</strong></span> <span class='ocrx_word' id='word_1_38' title='bbox 368 908 458 955; x_wconf 79' lang='lat' dir='ltr'><strong>reum</strong></span> <span class='ocrx_word' id='word_1_39' title='bbox 486 908 554 956; x_wconf 85' lang='lat' dir='ltr'><strong>osse</strong></span> <span class='ocrx_word' id='word_1_40' title='bbox 575 890 760 958; x_wconf 86' lang='lat' dir='ltr'><strong>credidistis.</strong></span> <span class='ocrx_word' id='word_1_41' title='bbox 797 892 980 959; x_wconf 79' lang='lat' dir='ltr'><strong>beneficium</strong></span> <span class='ocrx_word' id='word_1_42' title='bbox 1003 892 1082 959; x_wconf 79' lang='lat' dir='ltr'><strong>mihi</strong></span> <span class='ocrx_word' id='word_1_43' title='bbox 1111 910 1198 959; x_wconf 85' lang='lat' dir='ltr'><strong>uom-</strong></span> 
     </span>
     <span class='ocr_line' id='line_1_6' title="bbox 54 992 1198 1079; baseline 0.004 -23"><span class='ocrx_word' id='word_1_44' title='bbox 54 993 166 1057; x_wconf 70' lang='lat' dir='ltr'><strong>emoto</strong></span> <span class='ocrx_word' id='word_1_45' title='bbox 188 996 297 1059; x_wconf 82' lang='lat' dir='ltr'><strong>uestra</strong></span> <span class='ocrx_word' id='word_1_46' title='bbox 317 992 463 1078; x_wconf 68' lang='lat' dir='ltr'><strong>omum,</strong></span> <span class='ocrx_word' id='word_1_47' title='bbox 487 994 570 1077; x_wconf 84' lang='lat' dir='ltr'><strong>quod</strong></span> <span class='ocrx_word' id='word_1_48' title='bbox 591 994 644 1059; x_wconf 75' lang='lat' dir='ltr'><strong>uir</strong></span> <span class='ocrx_word' id='word_1_49' title='bbox 658 992 798 1060; x_wconf 73' lang='lat' dir='ltr'><strong>dadismt</strong></span> <span class='ocrx_word' id='word_1_50' title='bbox 820 993 953 1061; x_wconf 68' lang='lat' dir='ltr'><strong>doctis.</strong></span> <span class='ocrx_word' id='word_1_51' title='bbox 976 1012 1032 1079; x_wconf 78' lang='lat' dir='ltr'><strong>ege</strong></span> <span class='ocrx_word' id='word_1_52' title='bbox 1047 996 1122 1079; x_wconf 75' lang='lat' dir='ltr'><strong>qaid</strong></span> <span class='ocrx_word' id='word_1_53' title='bbox 1136 995 1198 1061; x_wconf 85' lang='lat' dir='ltr'><strong>titt</strong></span> 
     </span>
     <span class='ocr_line' id='line_1_7' title="bbox 79 1093 1196 1180; baseline 0.004 -21"><span class='ocrx_word' id='word_1_54' title='bbox 79 1093 206 1161; x_wconf 81' lang='lat' dir='ltr'><strong>debeam</strong></span> <span class='ocrx_word' id='word_1_55' title='bbox 235 1094 390 1178; x_wconf 79' lang='lat' dir='ltr'><strong>explicare</strong></span> <span class='ocrx_word' id='word_1_56' title='bbox 410 1113 473 1161; x_wconf 91' lang='lat' dir='ltr'><strong>non</strong></span> <span class='ocrx_word' id='word_1_57' title='bbox 494 1114 636 1179; x_wconf 85' lang='lat' dir='ltr'><strong>possum:</strong></span> <span class='ocrx_word' id='word_1_58' title='bbox 669 1114 786 1180; x_wconf 81' lang='lat' dir='ltr'><strong>pauper</strong></span> <span class='ocrx_word' id='word_1_59' title='bbox 820 1096 1020 1177; x_wconf 76' lang='lat' dir='ltr'><strong>solennitas,</strong></span> <span class='ocrx_word' id='word_1_60' title='bbox 1052 1096 1086 1162; x_wconf 88' lang='lat' dir='ltr'><strong>iu</strong></span> <span class='ocrx_word' id='word_1_61' title='bbox 1109 1102 1196 1165; x_wconf 86' lang='lat' dir='ltr'><strong>ouius</strong></span> 
     </span>
     <span class='ocr_line' id='line_1_8' title="bbox 79 1198 1197 1279; baseline 0 -13"><span class='ocrx_word' id='word_1_62' title='bbox 79 1199 251 1266; x_wconf 68' lang='lat' dir='ltr'><strong>wrafioue</strong></span> <span class='ocrx_word' id='word_1_63' title='bbox 279 1217 382 1266; x_wconf 84' lang='lat' dir='ltr'><strong>sermo</strong></span> <span class='ocrx_word' id='word_1_64' title='bbox 408 1216 471 1265; x_wconf 83' lang='lat' dir='ltr'><strong>non</strong></span> <span class='ocrx_word' id='word_1_65' title='bbox 492 1198 609 1275; x_wconf 80' lang='lat' dir='ltr'><strong>deficit</strong></span> <span class='ocrx_word' id='word_1_66' title='bbox 641 1200 765 1266; x_wconf 83' lang='lat' dir='ltr'><strong>domine</strong></span> <span class='ocrx_word' id='word_1_67' title='bbox 794 1201 859 1279; x_wconf 86' lang='lat' dir='ltr'><strong>mi,</strong></span> <span class='ocrx_word' id='word_1_68' title='bbox 891 1200 1026 1267; x_wconf 80' lang='lat' dir='ltr'><strong>salutern</strong></span> <span class='ocrx_word' id='word_1_69' title='bbox 1058 1199 1197 1267; x_wconf 63' lang='lat' dir='ltr'><strong>dotium</strong></span> 
     </span>
     <span class='ocr_line' id='line_1_9' title="bbox 78 1300 1195 1390; baseline -0.002 -21"><span class='ocrx_word' id='word_1_70' title='bbox 78 1300 178 1369; x_wconf 80' lang='lat' dir='ltr'><strong>dicans</strong></span> <span class='ocrx_word' id='word_1_71' title='bbox 191 1301 287 1368; x_wconf 83' lang='lat' dir='ltr'><strong>deum</strong></span> <span class='ocrx_word' id='word_1_72' title='bbox 306 1320 392 1387; x_wconf 71' lang='lat' dir='ltr'><strong>rogo,</strong></span> <span class='ocrx_word' id='word_1_73' title='bbox 412 1304 451 1369; x_wconf 87' lang='lat' dir='ltr'><strong>ut</strong></span> <span class='ocrx_word' id='word_1_74' title='bbox 471 1302 632 1386; x_wconf 85' lang='lat' dir='ltr'><strong>quodlibet</strong></span> <span class='ocrx_word' id='word_1_75' title='bbox 653 1302 756 1369; x_wconf 78' lang='lat' dir='ltr'><strong>animo</strong></span> <span class='ocrx_word' id='word_1_76' title='bbox 780 1304 911 1388; x_wconf 62' lang='lat' dir='ltr'><strong>gastris</strong></span> <span class='ocrx_word' id='word_1_77' title='bbox 926 1320 1047 1390; x_wconf 80' lang='lat' dir='ltr'><strong>semper</strong></span> <span class='ocrx_word' id='word_1_78' title='bbox 1068 1302 1195 1370; x_wconf 72' lang='lat' dir='ltr'><strong>scribas</strong></span> 
     </span>
    </p>
   </div>
   <div class='ocr_carea' id='block_1_3' title="bbox 51 1506 868 1701">
    <p class='ocr_par' dir='ltr' id='par_1_3' title="bbox 51 1506 868 1701">
     <span class='ocr_line' id='line_1_10' title="bbox 584 1506 692 1573; baseline -0.009 0"><span class='ocrx_word' id='word_1_79' title='bbox 584 1506 692 1573; x_wconf 85' lang='lat' dir='ltr'><strong>VIIII.</strong></span> 
     </span>
     <span class='ocr_line' id='line_1_11' title="bbox 51 1640 868 1701; baseline 0 -4"><span class='ocrx_word' id='word_1_80' title='bbox 51 1659 70 1697; x_wconf 86' lang='lat' dir='ltr'><strong>ro</strong></span> <span class='ocrx_word' id='word_1_81' title='bbox 401 1640 585 1700; x_wconf 71' lang='lat' dir='ltr'><strong>armemus</strong></span> <span class='ocrx_word' id='word_1_82' title='bbox 602 1640 868 1701; x_wconf 70' lang='lat' dir='ltr'><strong>sucosumque.</strong></span> 
     </span>
    </p>
   </div>
   <div class='ocr_carea' id='block_1_4' title="bbox 50 1760 1195 2777">
    <p class='ocr_par' dir='ltr' id='par_1_4' title="bbox 76 1760 1195 2156">
     <span class='ocr_line' id='line_1_12' title="bbox 113 1760 1195 1851; baseline -0.001 -21"><span class='ocrx_word' id='word_1_83' title='bbox 113 1760 182 1832; x_wconf 82' lang='lat' dir='ltr'><strong>Scio</strong></span> <span class='ocrx_word' id='word_1_84' title='bbox 204 1766 454 1851; x_wconf 72' lang='lat' dir='ltr'><strong>magnitudinem</strong></span> <span class='ocrx_word' id='word_1_85' title='bbox 477 1770 565 1831; x_wconf 91' lang='lat' dir='ltr'><strong>tuam</strong></span> <span class='ocrx_word' id='word_1_86' title='bbox 588 1764 757 1851; x_wconf 72' lang='lat' dir='ltr'>grandibus</span> <span class='ocrx_word' id='word_1_87' title='bbox 781 1764 830 1830; x_wconf 89' lang='lat' dir='ltr'><strong>dei</strong></span> <span class='ocrx_word' id='word_1_88' title='bbox 859 1762 1013 1831; x_wconf 89' lang='lat' dir='ltr'><strong>beneficiis</strong></span> <span class='ocrx_word' id='word_1_89' title='bbox 1040 1762 1195 1830; x_wconf 87' lang='lat' dir='ltr'><strong>abundare</strong></span> 
     </span>
     <span class='ocr_line' id='line_1_13' title="bbox 77 1864 1193 1952; baseline -0.001 -21"><span class='ocrx_word' id='word_1_90' title='bbox 77 1872 104 1932; x_wconf 90' lang='lat' dir='ltr'><strong>et</strong></span> <span class='ocrx_word' id='word_1_91' title='bbox 124 1870 312 1952; x_wconf 77' lang='lat' dir='ltr'><strong>promissam</strong></span> <span class='ocrx_word' id='word_1_92' title='bbox 326 1866 410 1934; x_wconf 90' lang='lat' dir='ltr'><strong>circa</strong></span> <span class='ocrx_word' id='word_1_93' title='bbox 431 1866 546 1933; x_wconf 90' lang='lat' dir='ltr'><strong>amicos</strong></span> <span class='ocrx_word' id='word_1_94' title='bbox 568 1885 691 1933; x_wconf 88' lang='lat' dir='ltr'><strong>seruare</strong></span> <span class='ocrx_word' id='word_1_95' title='bbox 706 1864 924 1932; x_wconf 75' lang='lat' dir='ltr'><strong>constantiam.</strong></span> <span class='ocrx_word' id='word_1_96' title='bbox 949 1866 1049 1932; x_wconf 89' lang='lat' dir='ltr'><strong>nescit</strong></span> <span class='ocrx_word' id='word_1_97' title='bbox 1071 1866 1193 1931; x_wconf 88' lang='lat' dir='ltr'><strong>animus</strong></span> 
     </span>
     <span class='ocr_line' id='line_1_14' title="bbox 76 1968 1193 2055; baseline -0.003 -20"><span class='ocrx_word' id='word_1_98' title='bbox 76 1974 175 2037; x_wconf 86' lang='lat' dir='ltr'><strong>uester</strong></span> <span class='ocrx_word' id='word_1_99' title='bbox 197 1972 316 2037; x_wconf 90' lang='lat' dir='ltr'><strong>incerta</strong></span> <span class='ocrx_word' id='word_1_100' title='bbox 337 1970 476 2055; x_wconf 86' lang='lat' dir='ltr'><strong>polliceri</strong></span> <span class='ocrx_word' id='word_1_101' title='bbox 498 1988 637 2036; x_wconf 90' lang='lat' dir='ltr'><strong>amorem</strong></span> <span class='ocrx_word' id='word_1_102' title='bbox 659 1970 725 2034; x_wconf 90' lang='lat' dir='ltr'><strong>siue</strong></span> <span class='ocrx_word' id='word_1_103' title='bbox 749 1969 853 2053; x_wconf 87' lang='lat' dir='ltr'><strong>aliqua</strong></span> <span class='ocrx_word' id='word_1_104' title='bbox 868 1968 1073 2035; x_wconf 90' lang='lat' dir='ltr'><strong>inminutione</strong></span> <span class='ocrx_word' id='word_1_105' title='bbox 1089 1970 1193 2033; x_wconf 89' lang='lat' dir='ltr'><strong>custo-</strong></span> 
     </span>
     <span class='ocr_line' id='line_1_15' title="bbox 77 2072 1193 2156; baseline -0.003 -16"><span class='ocrx_word' id='word_1_106' title='bbox 77 2074 174 2155; x_wconf 86' lang='lat' dir='ltr'><strong>diens,</strong></span> <span class='ocrx_word' id='word_1_107' title='bbox 204 2079 236 2140; x_wconf 90' lang='lat' dir='ltr'><strong>et</strong></span> <span class='ocrx_word' id='word_1_108' title='bbox 257 2074 325 2140; x_wconf 88' lang='lat' dir='ltr'><strong>ideo</strong></span> <span class='ocrx_word' id='word_1_109' title='bbox 348 2093 492 2139; x_wconf 91' lang='lat' dir='ltr'><strong>securum</strong></span> <span class='ocrx_word' id='word_1_110' title='bbox 513 2092 564 2138; x_wconf 90' lang='lat' dir='ltr'><strong>me</strong></span> <span class='ocrx_word' id='word_1_111' title='bbox 593 2074 665 2156; x_wconf 85' lang='lat' dir='ltr'><strong>post</strong></span> <span class='ocrx_word' id='word_1_112' title='bbox 687 2076 779 2138; x_wconf 92' lang='lat' dir='ltr'><strong>deum</strong></span> <span class='ocrx_word' id='word_1_113' title='bbox 802 2072 916 2137; x_wconf 89' lang='lat' dir='ltr'><strong>uestris</strong></span> <span class='ocrx_word' id='word_1_114' title='bbox 945 2076 1032 2139; x_wconf 82' lang='lat' dir='ltr'><strong>trado</strong></span> <span class='ocrx_word' id='word_1_115' title='bbox 1056 2072 1087 2137; x_wconf 89' lang='lat' dir='ltr'><strong>et</strong></span> <span class='ocrx_word' id='word_1_116' title='bbox 1110 2089 1193 2137; x_wconf 91' lang='lat' dir='ltr'><strong>oom-</strong></span> 
     </span>
    </p>

    <p class='ocr_par' dir='ltr' id='par_1_5' title="bbox 50 2174 1195 2777">
     <span class='ocr_line' id='line_1_16' title="bbox 50 2174 1194 2259; baseline 0.003 -24"><span class='ocrx_word' id='word_1_117' title='bbox 50 2176 181 2244; x_wconf 81' lang='lat' dir='ltr'><strong>nmendo</strong></span> <span class='ocrx_word' id='word_1_118' title='bbox 203 2176 348 2243; x_wconf 88' lang='lat' dir='ltr'><strong>manibus</strong></span> <span class='ocrx_word' id='word_1_119' title='bbox 370 2181 402 2242; x_wconf 90' lang='lat' dir='ltr'><strong>et</strong></span> <span class='ocrx_word' id='word_1_120' title='bbox 423 2175 473 2242; x_wconf 92' lang='lat' dir='ltr'><strong>dei</strong></span> <span class='ocrx_word' id='word_1_121' title='bbox 494 2174 645 2242; x_wconf 86' lang='lat' dir='ltr'><strong>beneficia</strong></span> <span class='ocrx_word' id='word_1_122' title='bbox 666 2176 697 2239; x_wconf 89' lang='lat' dir='ltr'><strong>in</strong></span> <span class='ocrx_word' id='word_1_123' title='bbox 720 2175 966 2259; x_wconf 89' lang='lat' dir='ltr'><strong>quibuscumque</strong></span> <span class='ocrx_word' id='word_1_124' title='bbox 988 2174 1120 2259; x_wconf 81' lang='lat' dir='ltr'><strong>negotiis</strong></span> <span class='ocrx_word' id='word_1_125' title='bbox 1140 2194 1194 2259; x_wconf 85' lang='lat' dir='ltr'><strong>per</strong></span> 
     </span>
     <span class='ocr_line' id='line_1_17' title="bbox 76 2276 1191 2363; baseline -0.004 -19"><span class='ocrx_word' id='word_1_126' title='bbox 76 2299 126 2345; x_wconf 89' lang='lat' dir='ltr'><strong>uos</strong></span> <span class='ocrx_word' id='word_1_127' title='bbox 147 2281 226 2347; x_wconf 90' lang='lat' dir='ltr'><strong>mihi</strong></span> <span class='ocrx_word' id='word_1_128' title='bbox 250 2283 374 2347; x_wconf 92' lang='lat' dir='ltr'><strong>euenire</strong></span> <span class='ocrx_word' id='word_1_129' title='bbox 396 2300 457 2346; x_wconf 91' lang='lat' dir='ltr'><strong>non</strong></span> <span class='ocrx_word' id='word_1_130' title='bbox 480 2278 615 2363; x_wconf 81' lang='lat' dir='ltr'><strong>ambigo.</strong></span> <span class='ocrx_word' id='word_1_131' title='bbox 653 2276 794 2355; x_wconf 90' lang='lat' dir='ltr'><strong>domine,</strong></span> <span class='ocrx_word' id='word_1_132' title='bbox 818 2280 854 2343; x_wconf 92' lang='lat' dir='ltr'><strong>ut</strong></span> <span class='ocrx_word' id='word_1_133' title='bbox 882 2296 975 2361; x_wconf 86' lang='lat' dir='ltr'><strong>supra</strong></span> <span class='ocrx_word' id='word_1_134' title='bbox 996 2276 1191 2343; x_wconf 86' lang='lat' dir='ltr'><strong>salutationis</strong></span> 
     </span>
     <span class='ocr_line' id='line_1_18' title="bbox 76 2378 1195 2467; baseline -0.002 -22"><span class='ocrx_word' id='word_1_135' title='bbox 76 2381 337 2449; x_wconf 87' lang='lat' dir='ltr'><strong>honorificentiam</strong></span> <span class='ocrx_word' id='word_1_136' title='bbox 373 2383 495 2448; x_wconf 91' lang='lat' dir='ltr'><strong>soluens</strong></span> <span class='ocrx_word' id='word_1_137' title='bbox 528 2399 620 2467; x_wconf 79' lang='lat' dir='ltr'><strong>rogo,</strong></span> <span class='ocrx_word' id='word_1_138' title='bbox 653 2385 689 2446; x_wconf 90' lang='lat' dir='ltr'><strong>ut</strong></span> <span class='ocrx_word' id='word_1_139' title='bbox 718 2378 873 2465; x_wconf 78' lang='lat' dir='ltr'><strong>frequenti</strong></span> <span class='ocrx_word' id='word_1_140' title='bbox 910 2398 960 2447; x_wconf 90' lang='lat' dir='ltr'><strong>me</strong></span> <span class='ocrx_word' id='word_1_141' title='bbox 991 2379 1195 2465; x_wconf 88' lang='lat' dir='ltr'><strong>epistularum</strong></span> 
     </span>
     <span class='ocr_line' id='line_1_19' title="bbox 76 2480 1194 2567; baseline -0.003 -17"><span class='ocrx_word' id='word_1_142' title='bbox 76 2491 247 2551; x_wconf 89' lang='lat' dir='ltr'><strong>uestrarum</strong></span> <span class='ocrx_word' id='word_1_143' title='bbox 263 2485 409 2552; x_wconf 89' lang='lat' dir='ltr'><strong>releuetis</strong></span> <span class='ocrx_word' id='word_1_144' title='bbox 430 2484 575 2567; x_wconf 83' lang='lat' dir='ltr'><strong>alloquio,</strong></span> <span class='ocrx_word' id='word_1_145' title='bbox 599 2484 674 2567; x_wconf 90' lang='lat' dir='ltr'><strong>quia</strong></span> <span class='ocrx_word' id='word_1_146' title='bbox 696 2500 856 2549; x_wconf 90' lang='lat' dir='ltr'><strong>summum</strong></span> <span class='ocrx_word' id='word_1_147' title='bbox 873 2483 950 2549; x_wconf 80' lang='lat' dir='ltr'><strong>mihi</strong></span> <span class='ocrx_word' id='word_1_148' title='bbox 972 2480 1059 2549; x_wconf 87' lang='lat' dir='ltr'><strong>adeo</strong></span> <span class='ocrx_word' id='word_1_149' title='bbox 1082 2499 1194 2547; x_wconf 90' lang='lat' dir='ltr'><strong>munus</strong></span> 
     </span>
     <span class='ocr_line' id='line_1_20' title="bbox 78 2582 1194 2673; baseline -0.004 -20"><span class='ocrx_word' id='word_1_150' title='bbox 78 2588 260 2668; x_wconf 77' lang='lat' dir='ltr'><strong>conceditur,</strong></span> <span class='ocrx_word' id='word_1_151' title='bbox 282 2588 310 2652; x_wconf 90' lang='lat' dir='ltr'><strong>si</strong></span> <span class='ocrx_word' id='word_1_152' title='bbox 333 2588 371 2653; x_wconf 91' lang='lat' dir='ltr'><strong>de</strong></span> <span class='ocrx_word' id='word_1_153' title='bbox 393 2588 499 2652; x_wconf 90' lang='lat' dir='ltr'><strong>uestra</strong></span> <span class='ocrx_word' id='word_1_154' title='bbox 521 2604 661 2652; x_wconf 90' lang='lat' dir='ltr'><strong>meruero</strong></span> <span class='ocrx_word' id='word_1_155' title='bbox 684 2586 834 2673; x_wconf 85' lang='lat' dir='ltr'><strong>sospitate</strong></span> <span class='ocrx_word' id='word_1_156' title='bbox 855 2584 999 2671; x_wconf 79' lang='lat' dir='ltr'><strong>gaudere,</strong></span> <span class='ocrx_word' id='word_1_157' title='bbox 1022 2604 1096 2669; x_wconf 89' lang='lat' dir='ltr'><strong>quos</strong></span> <span class='ocrx_word' id='word_1_158' title='bbox 1119 2582 1194 2649; x_wconf 86' lang='lat' dir='ltr'><strong>fides</strong></span> 
     </span>
     <span class='ocr_line' id='line_1_21' title="bbox 52 2686 1082 2777; baseline 0.005 -28"><span class='ocrx_word' id='word_1_159' title='bbox 52 2695 107 2755; x_wconf 76' lang='lat' dir='ltr'><strong>set</strong></span> <span class='ocrx_word' id='word_1_160' title='bbox 125 2691 289 2777; x_wconf 84' lang='lat' dir='ltr'><strong>integritas</strong></span> <span class='ocrx_word' id='word_1_161' title='bbox 312 2688 465 2772; x_wconf 89' lang='lat' dir='ltr'><strong>omnibus,</strong></span> <span class='ocrx_word' id='word_1_162' title='bbox 489 2688 543 2773; x_wconf 92' lang='lat' dir='ltr'><strong>qui</strong></span> <span class='ocrx_word' id='word_1_163' title='bbox 566 2689 661 2755; x_wconf 91' lang='lat' dir='ltr'><strong>deum</strong></span> <span class='ocrx_word' id='word_1_164' title='bbox 682 2687 807 2773; x_wconf 80' lang='lat' dir='ltr'><strong>timent,</strong></span> <span class='ocrx_word' id='word_1_165' title='bbox 831 2686 909 2754; x_wconf 86' lang='lat' dir='ltr'><strong>facit</strong></span> <span class='ocrx_word' id='word_1_166' title='bbox 930 2693 1082 2772; x_wconf 85' lang='lat' dir='ltr'><strong>acceptos.</strong></span> 
     </span>
    </p>
   </div>
   <div class='ocr_carea' id='block_1_5' title="bbox 434 2874 834 3067">
    <p class='ocr_par' dir='ltr' id='par_1_6' title="bbox 434 2874 834 3067">
     <span class='ocr_line' id='line_1_22' title="bbox 614 2874 652 2941; baseline -0.026 0"><span class='ocrx_word' id='word_1_167' title='bbox 614 2874 652 2941; x_wconf 86' lang='lat' dir='ltr'><strong>X.</strong></span> 
     </span>
     <span class='ocr_line' id='line_1_23' title="bbox 434 3008 834 3067; baseline 0.003 -2"><span class='ocrx_word' id='word_1_168' title='bbox 434 3008 619 3067; x_wconf 76' lang='lat' dir='ltr'>ENNODIVS</span> <span class='ocrx_word' id='word_1_169' title='bbox 640 3008 834 3067; x_wconf 79' lang='lat' dir='ltr'><strong>LVMINOSO.</strong></span> 
     </span>
    </p>
   </div>
   <div class='ocr_carea' id='block_1_6' title="bbox 52 3128 1195 3427">
    <p class='ocr_par' dir='ltr' id='par_1_7' title="bbox 52 3128 1195 3427">
     <span class='ocr_line' id='line_1_24' title="bbox 116 3128 1194 3220; baseline -0.008 -17"><span class='ocrx_word' id='word_1_170' title='bbox 116 3139 223 3205; x_wconf 63' lang='lat' dir='ltr'><strong>Pomt</strong></span> <span class='ocrx_word' id='word_1_171' title='bbox 235 3136 444 3204; x_wconf 90' lang='lat' dir='ltr'><strong>amicitiarum</strong></span> <span class='ocrx_word' id='word_1_172' title='bbox 458 3136 567 3220; x_wconf 81' lang='lat' dir='ltr'><strong>religio</strong></span> <span class='ocrx_word' id='word_1_173' title='bbox 591 3138 622 3200; x_wconf 93' lang='lat' dir='ltr'><strong>et</strong></span> <span class='ocrx_word' id='word_1_174' title='bbox 646 3134 773 3199; x_wconf 83' lang='lat' dir='ltr'><strong>adultae</strong></span> <span class='ocrx_word' id='word_1_175' title='bbox 788 3134 869 3199; x_wconf 88' lang='lat' dir='ltr'><strong>iuter</strong></span> <span class='ocrx_word' id='word_1_176' title='bbox 884 3150 939 3198; x_wconf 90' lang='lat' dir='ltr'><strong>nos</strong></span> <span class='ocrx_word' id='word_1_177' title='bbox 954 3131 1061 3215; x_wconf 82' lang='lat' dir='ltr'><strong>planta</strong></span> <span class='ocrx_word' id='word_1_178' title='bbox 1074 3128 1194 3213; x_wconf 74' lang='lat' dir='ltr'><strong>gratiae</strong></span> 
     </span>
     <span class='ocr_line' id='line_1_25' title="bbox 79 3233 1195 3320; baseline -0.009 -15"><span class='ocrx_word' id='word_1_179' title='bbox 79 3241 161 3307; x_wconf 92' lang='lat' dir='ltr'><strong>nulla</strong></span> <span class='ocrx_word' id='word_1_180' title='bbox 181 3242 386 3307; x_wconf 86' lang='lat' dir='ltr'><strong>discretarum</strong></span> <span class='ocrx_word' id='word_1_181' title='bbox 416 3237 532 3303; x_wconf 88' lang='lat' dir='ltr'><strong>sentire</strong></span> <span class='ocrx_word' id='word_1_182' title='bbox 560 3239 675 3304; x_wconf 85' lang='lat' dir='ltr'><strong>damna</strong></span> <span class='ocrx_word' id='word_1_183' title='bbox 696 3235 875 3320; x_wconf 80' lang='lat' dir='ltr'><strong>regionum,</strong></span> <span class='ocrx_word' id='word_1_184' title='bbox 910 3234 938 3299; x_wconf 90' lang='lat' dir='ltr'><strong>si</strong></span> <span class='ocrx_word' id='word_1_185' title='bbox 961 3233 1040 3317; x_wconf 92' lang='lat' dir='ltr'><strong>quod</strong></span> <span class='ocrx_word' id='word_1_186' title='bbox 1063 3234 1195 3313; x_wconf 78' lang='lat' dir='ltr'><strong>negatur</strong></span> 
     </span>
     <span class='ocr_line' id='line_1_26' title="bbox 52 3333 1194 3427; baseline -0.009 -19"><span class='ocrx_word' id='word_1_187' title='bbox 52 3346 207 3427; x_wconf 71' lang='lat' dir='ltr'><strong>suspectui</strong></span> <span class='ocrx_word' id='word_1_188' title='bbox 229 3346 412 3427; x_wconf 82' lang='lat' dir='ltr'><strong>pensaretur</strong></span> <span class='ocrx_word' id='word_1_189' title='bbox 439 3340 583 3425; x_wconf 81' lang='lat' dir='ltr'><strong>alloquiis</strong></span> <span class='ocrx_word' id='word_1_190' title='bbox 612 3341 645 3405; x_wconf 91' lang='lat' dir='ltr'><strong>et</strong></span> <span class='ocrx_word' id='word_1_191' title='bbox 667 3340 756 3425; x_wconf 81' lang='lat' dir='ltr'><strong>pigro</strong></span> <span class='ocrx_word' id='word_1_192' title='bbox 783 3356 946 3422; x_wconf 84' lang='lat' dir='ltr'><strong>corporum</strong></span> <span class='ocrx_word' id='word_1_193' title='bbox 979 3353 1069 3401; x_wconf 92' lang='lat' dir='ltr'><strong>onere</strong></span> <span class='ocrx_word' id='word_1_194' title='bbox 1103 3333 1194 3400; x_wconf 88' lang='lat' dir='ltr'><strong>diuisi</strong></span> 
     </span>
    </p>
   </div>
   <div class='ocr_carea' id='block_1_7' title="bbox 77 3590 1195 4389">
    <p class='ocr_par' dir='ltr' id='par_1_8' title="bbox 79 3590 1128 3757">
     <span class='ocr_line' id='line_1_27' title="bbox 125 3590 1128 3662; baseline -0.008 -11"><span class='ocrx_word' id='word_1_195' title='bbox 125 3596 350 3654; x_wconf 69' lang='lat' dir='ltr'><strong>intrationed&#39;</strong></span> <span class='ocrx_word' id='word_1_196' title='bbox 450 3596 488 3650; x_wconf 89' lang='lat' dir='ltr'><strong>mi</strong></span> <span class='ocrx_word' id='word_1_197' title='bbox 511 3594 597 3662; x_wconf 72' lang='lat' dir='ltr'><strong>Pro,</strong></span> <span class='ocrx_word' id='word_1_198' title='bbox 624 3594 691 3651; x_wconf 82' lang='lat' dir='ltr'><strong>miti</strong></span> <span class='ocrx_word' id='word_1_199' title='bbox 713 3594 802 3651; x_wconf 83' lang='lat' dir='ltr'><strong>BLV</strong></span> <span class='ocrx_word' id='word_1_200' title='bbox 904 3593 1062 3661; x_wconf 75' lang='lat' dir='ltr'><strong>dgessores</strong></span> <span class='ocrx_word' id='word_1_201' title='bbox 1088 3590 1128 3644; x_wconf 88' lang='lat' dir='ltr'><strong>B¹</strong></span> 
     </span>
     <span class='ocr_line' id='line_1_28' title="bbox 79 3682 474 3757; baseline -0.003 -20"><span class='ocrx_word' id='word_1_202' title='bbox 79 3684 180 3757; x_wconf 78' lang='lat' dir='ltr'><strong>emitas]</strong></span> <span class='ocrx_word' id='word_1_203' title='bbox 197 3686 261 3740; x_wconf 80' lang='lat' dir='ltr'><strong>finit</strong></span> <span class='ocrx_word' id='word_1_204' title='bbox 278 3684 343 3739; x_wconf 84' lang='lat' dir='ltr'><strong>cdd.</strong></span> <span class='ocrx_word' id='word_1_205' title='bbox 362 3682 474 3739; x_wconf 81' lang='lat' dir='ltr'><strong><em>LPTV</em></strong></span> 
     </span>
    </p>

    <p class='ocr_par' dir='ltr' id='par_1_9' title="bbox 77 3770 1195 4185">
     <span class='ocr_line' id='line_1_29' title="bbox 125 3770 1195 3844; baseline -0.012 0"><span class='ocrx_word' id='word_1_206' title='bbox 125 3788 215 3844; x_wconf 83' lang='lat' dir='ltr'><strong>VIIII.</strong></span> <span class='ocrx_word' id='word_1_207' title='bbox 253 3789 288 3841; x_wconf 89' lang='lat'><strong>10</strong></span> <span class='ocrx_word' id='word_1_208' title='bbox 313 3786 442 3841; x_wconf 87' lang='lat' dir='ltr'><strong>ennodius</strong></span> <span class='ocrx_word' id='word_1_209' title='bbox 468 3770 519 3843; x_wconf 74' lang='lat' dir='ltr'><strong>ont</strong></span> <span class='ocrx_word' id='word_1_210' title='bbox 547 3786 572 3839; x_wconf 86' lang='lat' dir='ltr'><strong><em>T</em></strong></span> <span class='ocrx_word' id='word_1_211' title='bbox 672 3783 826 3839; x_wconf 83' lang='lat' dir='ltr'><strong>marcellino</strong></span> <span class='ocrx_word' id='word_1_212' title='bbox 856 3782 881 3837; x_wconf 77' lang='lat' dir='ltr'><em>T</em></span> <span class='ocrx_word' id='word_1_213' title='bbox 983 3781 1012 3833; x_wconf 96' lang='lat'><strong>11</strong></span> <span class='ocrx_word' id='word_1_214' title='bbox 1040 3776 1195 3833; x_wconf 86' lang='lat' dir='ltr'><strong>habundare</strong></span> 
     </span>
     <span class='ocr_line' id='line_1_30' title="bbox 78 3862 1195 3943; baseline -0.009 -17"><span class='ocrx_word' id='word_1_215' title='bbox 78 3872 127 3926; x_wconf 79' lang='lat' dir='ltr'><strong>PT</strong></span> <span class='ocrx_word' id='word_1_216' title='bbox 224 3873 258 3928; x_wconf 81' lang='lat'><strong>13</strong></span> <span class='ocrx_word' id='word_1_217' title='bbox 275 3872 400 3943; x_wconf 83' lang='lat' dir='ltr'><strong>pollicere</strong></span> <span class='ocrx_word' id='word_1_218' title='bbox 417 3872 456 3927; x_wconf 73' lang='lat'><strong>11¹</strong></span> <span class='ocrx_word' id='word_1_219' title='bbox 542 3868 693 3941; x_wconf 83' lang='lat' dir='ltr'><strong>aliquseB</strong></span> <span class='ocrx_word' id='word_1_220' title='bbox 781 3866 1003 3925; x_wconf 82' lang='lat' dir='ltr'><strong>immutationet</strong></span> <span class='ocrx_word' id='word_1_221' title='bbox 1099 3865 1131 3919; x_wconf 87' lang='grc'><strong>16</strong></span> <span class='ocrx_word' id='word_1_222' title='bbox 1149 3862 1195 3917; x_wconf 92' lang='lat' dir='ltr'><strong>do-</strong></span> 
     </span>
     <span class='ocr_line' id='line_1_31' title="bbox 77 3948 1193 4029; baseline -0.01 -16"><span class='ocrx_word' id='word_1_223' title='bbox 77 3957 147 4014; x_wconf 85' lang='lat' dir='ltr'><strong>mine</strong></span> <span class='ocrx_word' id='word_1_224' title='bbox 162 3961 197 4015; x_wconf 84' lang='lat' dir='ltr'><strong>mi</strong></span> <span class='ocrx_word' id='word_1_225' title='bbox 215 3960 245 4014; x_wconf 87' lang='grc' dir='ltr'><strong><em>Ρ</em></strong></span> <span class='ocrx_word' id='word_1_226' title='bbox 344 3974 425 4029; x_wconf 78' lang='lat' dir='ltr'><strong>sopra</strong></span> <span class='ocrx_word' id='word_1_227' title='bbox 440 3959 480 4013; x_wconf 75' lang='grc' dir='ltr'><strong>Β1</strong></span> <span class='ocrx_word' id='word_1_228' title='bbox 592 3958 624 4011; x_wconf 82' lang='grc'><strong>17</strong></span> <span class='ocrx_word' id='word_1_229' title='bbox 648 3961 680 4011; x_wconf 92' lang='lat' dir='ltr'><strong>ut</strong></span> <span class='ocrx_word' id='word_1_230' title='bbox 701 3956 764 4013; x_wconf 82' lang='lat' dir='ltr'><strong>Tc.</strong></span> <span class='ocrx_word' id='word_1_231' title='bbox 782 3956 799 4013; x_wconf 92' lang='lat' dir='ltr'><strong>l.</strong></span> <span class='ocrx_word' id='word_1_232' title='bbox 817 3958 888 4011; x_wconf 65' lang='grc' dir='ltr'><em>Μ</em></span> <span class='ocrx_word' id='word_1_233' title='bbox 990 3950 1122 4021; x_wconf 80' lang='lat' dir='ltr'><strong>frequenti</strong></span> <span class='ocrx_word' id='word_1_234' title='bbox 1141 3948 1193 4018; x_wconf 86' lang='lat' dir='ltr'><strong>me]</strong></span> 
     </span>
     <span class='ocr_line' id='line_1_32' title="bbox 77 4036 1124 4113; baseline -0.01 -14"><span class='ocrx_word' id='word_1_235' title='bbox 77 4042 287 4113; x_wconf 81' lang='lat' dir='ltr'><strong>frequentissime</strong></span> <span class='ocrx_word' id='word_1_236' title='bbox 303 4046 331 4100; x_wconf 94' lang='lat' dir='ltr'><strong><em>B</em></strong></span> <span class='ocrx_word' id='word_1_237' title='bbox 419 4045 452 4100; x_wconf 90' lang='lat'><strong>18</strong></span> <span class='ocrx_word' id='word_1_238' title='bbox 468 4044 536 4098; x_wconf 89' lang='lat' dir='ltr'><strong>mihi</strong></span> <span class='ocrx_word' id='word_1_239' title='bbox 549 4044 729 4099; x_wconf 81' lang='lat' dir='ltr'><strong>summumT</strong></span> <span class='ocrx_word' id='word_1_240' title='bbox 813 4044 845 4095; x_wconf 88' lang='grc'><strong>19</strong></span> <span class='ocrx_word' id='word_1_241' title='bbox 865 4040 943 4109; x_wconf 88' lang='lat' dir='ltr'><strong>quos]</strong></span> <span class='ocrx_word' id='word_1_242' title='bbox 961 4038 1024 4106; x_wconf 88' lang='lat' dir='ltr'><strong>quia</strong></span> <span class='ocrx_word' id='word_1_243' title='bbox 1043 4036 1124 4091; x_wconf 75' lang='lat' dir='ltr'><strong>Sim.</strong></span> 
     </span>
     <span class='ocr_line' id='line_1_33' title="bbox 78 4128 181 4185; baseline 0.039 -4"><span class='ocrx_word' id='word_1_244' title='bbox 78 4128 181 4185; x_wconf 78' lang='lat' dir='ltr'><strong>nens</strong></span> 
     </span>
    </p>

    <p class='ocr_par' dir='ltr' id='par_1_10' title="bbox 78 4223 1135 4389">
     <span class='ocr_line' id='line_1_34' title="bbox 126 4223 1135 4302; baseline -0.009 -14"><span class='ocrx_word' id='word_1_245' title='bbox 126 4232 160 4288; x_wconf 74' lang='lat' dir='ltr'>K</span> <span class='ocrx_word' id='word_1_246' title='bbox 191 4234 225 4288; x_wconf 90' lang='grc'><strong>22</strong></span> <span class='ocrx_word' id='word_1_247' title='bbox 242 4234 370 4290; x_wconf 83' lang='lat' dir='ltr'><strong>ennodius</strong></span> <span class='ocrx_word' id='word_1_248' title='bbox 388 4223 484 4296; x_wconf 53' lang='lat' dir='ltr'><strong>const</strong></span> <span class='ocrx_word' id='word_1_249' title='bbox 583 4232 617 4288; x_wconf 85' lang='grc'><strong>23</strong></span> <span class='ocrx_word' id='word_1_250' title='bbox 634 4232 720 4302; x_wconf 82' lang='lat' dir='ltr'><strong>possit</strong></span> <span class='ocrx_word' id='word_1_251' title='bbox 737 4230 792 4301; x_wconf 86' lang='lat' dir='ltr'><strong>Bt,</strong></span> <span class='ocrx_word' id='word_1_252' title='bbox 818 4226 905 4299; x_wconf 85' lang='lat' dir='ltr'><strong>poscit</strong></span> <span class='ocrx_word' id='word_1_253' title='bbox 922 4226 991 4283; x_wconf 75' lang='lat' dir='ltr'><strong>coni.</strong></span> <span class='ocrx_word' id='word_1_254' title='bbox 1010 4224 1135 4281; x_wconf 69' lang='lat' dir='ltr'><strong>&amp;nuo</strong></span> 
     </span>
     <span class='ocr_line' id='line_1_35' title="bbox 78 4318 529 4389; baseline 0.004 -17"><span class='ocrx_word' id='word_1_255' title='bbox 78 4318 110 4372; x_wconf 79' lang='lat'><strong>25</strong></span> <span class='ocrx_word' id='word_1_256' title='bbox 126 4333 230 4389; x_wconf 82' lang='lat' dir='ltr'><strong>corpore</strong></span> <span class='ocrx_word' id='word_1_257' title='bbox 250 4321 284 4375; x_wconf 80' lang='lat' dir='ltr'><strong>T&#39;</strong></span> <span class='ocrx_word' id='word_1_258' title='bbox 386 4318 484 4373; x_wconf 85' lang='lat' dir='ltr'><strong>honore</strong></span> <span class='ocrx_word' id='word_1_259' title='bbox 503 4320 529 4374; x_wconf 84' lang='lat' dir='ltr'><strong><em>T</em></strong></span> 
     </span>
    </p>
   </div>
   <div class='ocr_carea' id='block_1_8' title="bbox 0 0 1472 4934">
    <p class='ocr_par' dir='ltr' id='par_1_11' title="bbox 0 0 1472 4934">
     <span class='ocr_line' id='line_1_36' title="bbox 0 0 1472 4934; baseline 0 1"><span class='ocrx_word' id='word_1_260' title='bbox 0 0 1472 4934; x_wconf 95' lang='lat' dir='ltr'><strong> </strong></span> 
     </span>
    </p>
   </div>
  </div>
 </body>
</html>
