2934 4934
1068 395 1180 442 LXXXI

89 560 164 644 codd.)
177 560 444 644 persuasionibus,
467 561 545 626 tedae
567 560 692 626 eimiiio
712 560 899 644 Penelopae.
929 562 959 628 ei
979 563 1102 628 ucteuto
1122 581 1179 645 pro

90 664 188 745 iupdedo
217 666 311 742 dixit,
346 665 518 750 imaginem
553 665 679 732 demum
710 668 948 732 consummandi.
980 702 1023 716 -
1052 665 1109 741 od,
1138 669 1182 732 24

88 767 139 831 eodo
167 769 260 836 dicere
292 769 384 850 quote
414 769 514 852 fuerit
542 767 623 849 quood
651 768 777 834 ineditus
804 769 939 847 resciret,
971 769 1065 850 quode
1085 771 1181 834 etium

86 870 147 949 prod
168 873 269 937 omouc'
292 872 417 950 (omuut
438 871 550 952 codd).
587 890 663 936 nem
691 891 724 938 ee
752 871 944 938 subtraxisse
967 873 1120 956 quaedem
1141 875 1181 938 de

86 973 200 1054 dictione,
228 994 323 1059 quem
350 977 477 1042 reddere
499 975 677 1058 cogebatur,
708 975 776 1058 ipee
797 976 1053 1042 antecedentibus
1076 976 1182 1041 nerbie

84 1075 212 1145 condecens
248 1080 305 1144 eu.
349 1080 461 1144 uocaui
496 1083 602 1146 autem
638 1081 690 1146 uix
729 1080 903 1162 significare
934 1083 1039 1163 potest
1073 1100 1181 1145 eruore

85 1179 190 1248 ruent.
213 1218 255 1230 -
278 1183 330 1261 ee,
356 1182 397 1247 14
417 1183 453 1248 eo
479 1182 530 1264 (ao
546 1183 648 1264 eodo.)
674 1181 729 1248 doe
751 1182 842 1264 ecoe
877 1182 953 1248 cnei
975 1185 1060 1248 enim
1077 1185 1112 1248 oo
1126 1183 1183 1248 coe
1234 1170 1237 1176 “

82 1280 212 1350 inuenitur
240 1285 295 1371 (cf.
323 1286 386 1350 ind.
410 1307 441 1371 p.
464 1286 552 1367 688).
576 1323 616 1334 -
641 1285 692 1364 80,
721 1285 763 1352 22
795 1289 977 1351 conuentus
1007 1291 1183 1369 (contem

84 1385 174 1468 codd).
204 1387 589 1456 1181111251-
614 1389 686 1471 158,
712 1389 733 1454 9
764 1389 909 1472 (eorum)
936 1389 1021 1454 iuter
1054 1409 1111 1454 uoe
1143 1391 1184 1454 ab

81 1483 133 1565 ipso
150 1490 229 1556 uitoe
252 1491 363 1556 dimine
383 1492 517 1573 sumpsit
539 1491 701 1556 exordium
720 1495 750 1556 et
765 1511 827 1572 per
844 1493 960 1557 ocriae
976 1493 1179 1575 profectuum

84 1589 148 1654 nicee
170 1595 264 1675 (uires
285 1594 385 1675 codd.)
412 1613 537 1658 messem
557 1594 683 1676 protioe
704 1594 858 1675 perducit
883 1594 928 1659 oei
948 1615 1070 1660 orcum.
1108 1599 1183 1680 qnid

81 1695 173 1758 corice
188 1698 387 1780 profectuum
408 1697 493 1762 uires
514 1697 548 1762 in
570 1697 629 1764 hcc
648 1697 789 1762 excultae
804 1698 963 1763 amicitiae
977 1700 1182 1782 descriptione

81 1797 232 1879 significent
263 1800 429 1866 obscurum
455 1805 514 1866 est.
554 1805 663 1867 contre
684 1800 798 1866 uarice
814 1802 1017 1884 profectuum
1037 1802 1122 1867 uices
1142 1802 1183 1868 cd

80 1901 233 1968 studiorum
245 1903 479 1986 officiorumque
494 1902 752 1987 uicissitudinem,
768 1923 849 1985 qnne
862 1906 953 1970 uenia
967 1906 1042 1970 eunt
1055 1906 1184 1989 quidone·

80 2019 125 2081 coe
152 2007 240 2072 amici
276 2006 441 2090 proficiunt
473 2007 732 2089 minuanturque,
767 2009 933 2089 pertinent
971 2009 1085 2073 mendo
1114 2027 1184 2074 cen·

79 2106 157 2170 tmio
177 2111 209 2174 in
230 2112 334 2176 uerbis
357 2111 430 2188 374,
447 2110 467 2175 6
489 2110 616 2190 imperii
637 2111 761 2176 radices
781 2110 907 2176 uiribus
928 2110 1066 2193 (uiuidus
1079 2113 1182 2194 codd.)

78 2215 270 2290 cmpeduutur
291 2212 417 2280 Schotto
441 2215 559 2280 mederi
582 2215 723 2296 contigit.
741 2213 908 2290 -177,4
928 2233 984 2279 uu
1000 2215 1184 2280 ouimomm

77 2329 167 2377 sereneo
189 2317 368 2382 coutuuotio
395 2317 549 2382 itiueruuo
569 2317 811 2397 sequestratione
831 2317 991 2382 mulcetur
1016 2317 1185 2400 (muitetur

77 2411 204 2493 odon
238 2437 343 2486 errore
371 2422 454 2486 enim
477 2421 515 2484 de
536 2420 631 2484 LTV
654 2420 733 2488 nihil
756 2422 900 2486 noudum
924 2422 996 2504 est),
1024 2421 1079 2486 ubi
1100 2421 1188 2487 mut·

77 2533 134 2579 core
148 2521 338 2588 discindendi
354 2523 408 2588 nel
422 2523 587 2606 eepernndi
603 2523 833 2607 significatione
846 2528 1032 2606 nenrpetnm
1046 2524 1184 2600 uidetur,

76 2617 123 2684 diei
142 2621 271 2692 sortasse
299 2627 380 2708 quod
403 2625 608 2707 simplicitate
637 2627 872 2694 commendatur
899 2629 1042 2690 undeno
1063 2627 1183 2709 proede-

77 2722 187 2792 rendnm
210 2732 271 2796 eet.
294 2762 336 2775 -
359 2728 432 2810 210,
459 2728 497 2792 18
519 2747 579 2810 opo
601 2732 693 2809 utque
714 2726 811 2792 doceo
827 2727 1004 2809 prutioede
1024 2728 1083 2807 icis,
1109 2748 1188 2810 quoe

77 2825 140 2890 11111
158 2831 195 2894 iu
213 2833 329 2912 primo
350 2831 481 2896 uotitioe
498 2832 509 2914 1
511 2831 646 2912 potitiae
660 2832 758 2909 BLV,
775 2831 916 2912 potentie
930 2833 968 2913 T)
993 2830 1097 2912 fronte
1111 2851 1187 2896 cou-

76 2924 128 2991 dndo
157 2939 240 3014 suut,
280 2935 303 2998 i.
333 2955 360 3000 e.
393 2953 469 3018 qnae
503 2934 536 2999 in
569 2935 679 3000 dimine
712 2934 909 3016 cognitionis.
943 2953 1016 3000 cum
1048 2935 1189 3002 amicitie

76 3037 163 3100 nostre
189 3039 355 3115 inciperet,
390 3041 462 3103 ede
488 3039 602 3120 eeeepi.
640 3038 679 3103 cf.
703 3037 839 3104 indicem
861 3057 886 3102 e.
910 3057 940 3102 u.
963 3038 1055 3120 frous
1076 3039 1108 3103 et
1130 3059 1189 3103 uo-

76 3135 141 3202 tdia.
162 3177 203 3188 -
226 3141 304 3220 212,
320 3141 361 3206 21
385 3141 430 3206 sic
451 3141 584 3206 coutuddd
605 3140 784 3223 teneicium
799 3142 856 3222 pud
872 3141 1018 3222 poscebat
1041 3140 1189 3224 (eoseum

75 3235 101 3310 Β,
120 3243 256 3325 ecipebot
278 3244 375 3325 redd).
406 3246 537 3310 uerbum
559 3243 699 3326 ceipebot
722 3263 758 3310 ex
779 3245 976 3326 praecedenti
999 3263 1091 3309 nereu
1105 3245 1188 3325 quod

75 3339 193 3410 dodoau
218 3367 326 3429 prope
355 3347 549 3429 inportunus
577 3348 687 3430 occepit,
718 3347 907 3412 eumenius
934 3347 1095 3412 litterulae
1118 3366 1189 3429 per·

75 3451 231 3516 mutetione
264 3449 428 3534 archetypi
457 3453 613 3534 scriptura
640 3449 807 3516 obscurata
836 3452 927 3526 esset
961 3452 1038 3516 eatis
1066 3451 1189 3515 inficeto

74 3545 214 3618 inuectum
239 3555 304 3619 eet.
338 3552 380 3618 cf.
403 3554 477 3633 475,
501 3552 533 3618 3.
547 3591 590 3602 -
605 3553 677 3630 235,
701 3553 721 3617 9
743 3557 779 3616 ut
801 3571 956 3617 moerores
978 3554 1128 3636 (meteres
1150 3554 1189 3636 B,

74 3652 188 3720 ucioree
217 3657 303 3738 rell.)
340 3655 537 3736 occeucieree‚
571 3661 599 3720 te
632 3655 796 3721 homiuum
828 3656 960 3721 coetibus
990 3655 1189 3721 orcbuouietc'.

74 3770 242 3841 quemquem
275 3778 337 3826 uox
360 3779 514 3825 moerores
536 3762 576 3826 ed
598 3761 838 3844 significandum
868 3761 1059 3826 desiderium
1080 3780 1190 3844 parum

74 3855 221 3934 111111-
239 3865 318 3945 259,
344 3865 384 3929 15
405 3883 461 3928 uec
478 3865 556 3945 plue
578 3863 704 3944 aliquid
726 3863 876 3929 humiliot
891 3864 1073 3945 potissimos
1093 3881 1191 3944 quom

74 3957 161 4027 obtuto
184 3967 310 4052 (obtato
332 3967 371 4044 B,
394 3970 503 4047 optato
524 3967 606 4049 reli.)
631 3966 817 4032 soooeuoae.
852 3987 912 4032 non
942 3967 1027 4032 enim
1056 3966 1191 4050 optando

74 4059 246 4146 dignitatem
274 4069 424 4152 superbie
446 4074 648 4154 temperetur,
671 4071 723 4135 sed
747 4070 775 4134 ei
797 4070 847 4134 cui
869 4071 979 4151 optatu
1000 4070 1136 4153 dignitas
1157 4088 1191 4133 re

74 4183 134 4234 dere
153 4173 302 4258 contigit.
320 4209 362 4220 -—
379 4172 451 4255 216,
475 4173 516 4236 22
534 4171 612 4253 ptus
634 4177 678 4236 est
700 4191 843 4237 occasum
856 4170 1010 4236 debeitwe
1025 4171 1192 4256 (repetiere

76 4266 101 4351 B,
129 4274 286 4342 educare·
302 4275 409 4352 LTV,
440 4275 585 4356 repetiere
609 4277 640 4356 b)
666 4295 763 4356 quom
784 4274 904 4340 dedisse
918 4275 1099 4358 principio,
1129 4274 1190 4339 ndei

115 4409 155 4462 vn
993 4441 1001 4474 .
1077 4411 1092 4464 r
