2934 4934
485 410 721 499 Epistularum
745 424 834 482 liber
851 426 883 481 V.
1185 426 1248 493 125

118 620 272 688 scientiae
294 621 383 686 dotes
405 640 471 686 rem
494 624 620 685 tantum
643 619 839 703 ingeniorum
863 636 929 683 esse
943 635 1005 683 non
1027 618 1165 683 familiae
1188 636 1246 684 noc

117 725 190 792 duci
212 744 269 809 per
290 725 457 789 stemmata
479 724 560 807 quod
588 722 675 790 leber
698 720 861 788 continuus
890 725 922 787 et
949 720 1122 787 indefessus
1152 722 1246 787 sudor

83 859 86 862 ·
116 827 315 911 adipiscitur.
354 831 417 905 sed,
453 828 605 909 quantum
640 826 779 908 apparet,
810 824 936 890 ordines
959 842 1029 891 suos
1056 829 1160 890 seruat
1183 824 1248 890 elo

116 934 248 1015 quentia
278 932 310 996 et
339 932 400 997 oris
422 948 550 1014 pompa,
583 946 661 1010 quae
687 929 855 994 erundamt
882 928 914 995 iu
936 927 1103 1007 ueteribus,
1126 928 1246 1011 migrat

96 1034 157 1100 aad
181 1037 336 1117 poeteroez
359 1034 525 1099 coneordat
548 1032 696 1099 scientiae
718 1050 827 1097 cursus
848 1037 880 1097 et
894 1031 1068 1110 fluminum,
1092 1050 1146 1115 per
1170 1047 1244 1096 oon·

115 1141 225 1203 suetos
254 1136 360 1202 alueos
388 1137 420 1202 et
442 1136 564 1202 dicendi
594 1136 678 1202 nuda
699 1135 903 1217 praelabitur.
941 1136 1029 1199 uenit
1058 1136 1096 1200 ed
1118 1142 1149 1199 te
1173 1152 1245 1199 oum
1288 1148 1290 1155 ’

116 1258 212 1305 ceusu
235 1238 336 1321 patris
360 1239 490 1305 eruditio
513 1240 544 1304 et
566 1238 646 1303 bono
668 1236 786 1304 subolis
805 1240 963 1303 dammum
986 1240 1129 1321 sepulcra
1150 1239 1244 1303 resti·

114 1344 224 1409 tuunt
261 1342 364 1407 inuidi
385 1343 484 1408 fateor
498 1342 650 1408 hactenus
670 1340 760 1406 anuis
782 1342 955 1407 senioribus
978 1344 1009 1407 et
1032 1342 1177 1423 aetatem,
1194 1341 1244 1406 cui

115 1445 172 1511 ille
193 1462 358 1513 conusens
373 1444 485 1523 iuerat,
508 1443 674 1527 suspirem,
696 1444 919 1510 beneficiorum
940 1446 1122 1511 caelestium
1139 1444 1244 1529 negle-

84 1567 192 1633 ogens
215 1549 415 1627 aestimator,
437 1549 561 1631 quando
594 1548 682 1630 potui
705 1550 866 1631 desperaro
899 1548 936 1613 de
968 1553 1057 1632 togae
1091 1548 1243 1614 fructibus

115 1653 232 1719 radicis
262 1654 408 1717 manente
436 1651 622 1717 substantia.
663 1651 718 1716 sed
746 1670 878 1735 superna
906 1650 1096 1734 dispensatio
1127 1653 1162 1716 ut
1190 1652 1244 1716 det

116 1758 247 1841 genium
268 1754 435 1837 beneficiis,
457 1753 654 1836 inprouisnm
677 1753 754 1819 iacit
782 1756 950 1837 essequod
973 1755 1084 1820 tribuit
1114 1760 1144 1820 et
1168 1756 1243 1820 dum

116 1862 192 1926 uota
214 1858 460 1941 transgreditur,
493 1857 669 1939 potentiam
702 1876 791 1923 suam
826 1858 1014 1925 liberalitate
1047 1859 1241 1925 manifestat.

115 1979 175 2027 non
199 1961 250 2027 eet
271 1961 363 2027 bouis
395 1959 546 2043 partubus
579 1960 746 2026 infecunda
767 1961 912 2045 Liguria:
947 1962 1049 2027 nutrit
1076 1962 1141 2028 loro
1172 1980 1243 2046 ger·

84 2065 217 2142 amina,
248 2081 327 2147 quae
349 2063 482 2130 libenter
510 2064 717 2148 amplectatur
746 2068 777 2130 et
806 2066 901 2131 cuma.
939 2070 1012 2132 nota
1044 2065 1243 2149 proximitate

116 2169 276 2234 sedantur
298 2166 473 2234 causidicus
497 2169 530 2232 et
551 2172 691 2233 senatore
714 2167 765 2233 his
787 2168 840 2252 qui
863 2172 938 2235 bene
961 2170 1034 2251 toga
1055 2168 1104 2234 nsi
1122 2169 1242 2235 fuerint

117 2271 263 2337 reseratis
292 2273 475 2354 susceptura
496 2272 617 2336 sinibus
639 2274 778 2355 palmata
810 2272 976 2338 blanditur.
1014 2272 1097 2350 nale,
1127 2273 1241 2337 dulcis-

115 2374 202 2454 sime,
232 2374 265 2439 et
294 2373 433 2439 adhaec
459 2376 567 2439 decora
594 2375 716 2439 multus
744 2377 902 2443 incumbe:
937 2377 1038 2442 totum
1072 2378 1102 2441 te
1135 2376 1242 2441 studia

115 2476 247 2543 honesta
269 2476 458 2560 suscipiant:
482 2477 606 2558 lustina,
625 2482 662 2543 ut
683 2478 723 2543 ad
738 2498 870 2544 messem
886 2479 1020 2562 patriam
1036 2480 1152 2559 uenias,
1179 2480 1240 2543 lin-

84 2597 209 2664 agnam
231 2579 375 2646 lectionis
396 2582 533 2661 sarculo,
564 2598 665 2647 mores
694 2581 845 2647 bonorum
873 2583 1047 2648 imitatione
1069 2580 1239 2666 purgando.

647 2768 708 2833 III.

449 2920 634 2978 ENNODIVS
652 2922 815 2979 OPILIONI
832 2922 864 2977 V.
882 2924 905 2980 1.

155 3046 261 3111 Debeo
283 3043 427 3128 equidem
449 3046 603 3129 prioribus
626 3065 771 3130 responsa
794 3046 964 3130 conloquiis
988 3051 1020 3113 et
1041 3048 1073 3115 iu
1089 3049 1240 3133 obsequio

115 3148 265 3231 propositi
290 3149 343 3213 uel
365 3150 506 3231 pudoris,
540 3150 601 3214 nisi
629 3150 744 3233 pagiua
770 3154 940 3216 rusticante
963 3152 1160 3234 displiceam,
1190 3172 1238 3219 ac·

83 3254 204 3334 acepta
224 3251 397 3335 geminare,
431 3271 469 3317 ne
490 3252 621 3335 potioris
644 3253 782 3338 dignatio
812 3256 850 3319 ad
877 3254 1103 3337 paenitentiam
1132 3254 1238 3321 redeat

164 3457 178 3511 1
205 3454 278 3509 dotia
306 3454 363 3522 LV
461 3457 479 3511 2
502 3457 642 3513 stimmata
666 3456 706 3523 Β,
738 3458 853 3513 sumata
875 3456 960 3517 ΒΝ
1059 3461 1240 3515 continuisset

113 3538 156 3594 Bb
248 3542 313 3595 4111
331 3540 466 3597 ueteribus
484 3558 519 3597 ccc
535 3542 683 3597 meteribus
700 3543 728 3597 L
745 3560 777 3597 m.
797 3550 856 3599 oet.
950 3544 967 3598 5
985 3548 1123 3599 consuetus
1142 3546 1169 3600 Β

113 3626 310 3682 tcnmecoon
332 3627 435 3683 Trai
531 3628 684 3683 'lerudicio
702 3629 757 3683 BL
842 3630 1047 3687 bonoccbeato
1068 3632 1169 3687 Pota

113 3712 207 3769 sobolis
225 3712 311 3769 LTV
402 3714 540 3788 sepulchre
556 3714 681 3773 LPTVb
774 3718 919 3771 deotemus
937 3717 993 3793 ΒΙ
1059 3720 1086 3773 et
1103 3718 1165 3785 Bb,
1184 3734 1235 3773 om.

113 3816 218 3873 LPTV
315 3818 332 3871 9
349 3819 496 3887 concessus]
514 3819 693 3875 censendueb
710 3821 742 3875 ie
758 3834 807 3891 mq.
893 3792 1018 3890 regigena
1035 3821 1070 3887 Β,
1093 3822 1236 3890 negligens

112 3900 192 3958 LTV
294 3904 329 3957 10
351 3905 427 3973 potui
443 3921 493 3959 om.
511 3906 540 3960 Β
642 3906 777 3975 disperare
800 3906 828 3961 Β
932 3908 964 3961 12
987 3908 1080 3964 incites
1098 3922 1126 3959 se
1145 3910 1183 3975 (es
1201 3920 1237 3961 ca

110 3987 135 4041 ie
151 3991 232 4059 corr.)
250 3990 279 4045 Β
381 3993 414 4045 14
432 3991 574 4047 insecenda
591 3992 626 4047 T¹
731 3993 763 4048 16
786 3992 940 4047 causedicus
957 3993 1045 4047 BLV
1143 3992 1175 4045 17
1194 4006 1235 4046 re·

112 4074 222 4131 arastis
237 4076 266 4130 Β
369 4078 401 4132 18
418 4077 539 4132 incumbe
565 4078 600 4133 Β
704 4078 738 4135 19
759 4079 801 4148 ut]
824 4081 872 4133 aut
894 4078 921 4133 L
1024 4078 1057 4132 20
1080 4078 1182 4133 smculo
1204 4078 1236 4145 T,

112 4147 201 4233 arculo
220 4179 247 4233 L
349 4179 497 4250 purgando]
516 4180 579 4235 finit
596 4182 661 4237 odd.
679 4183 707 4237 Β

162 4279 216 4337 ΠΙ.
251 4283 393 4359 ΜΒ,
416 4283 489 4349 vrb,
514 4284 609 4341 camd
707 4284 805 4373 tdpro
824 4264 958 4356 prioribus
977 4286 1005 4341 B
1106 4284 1245 4359 seponi-¹

110 4368 223 4422 tentiam
240 4368 354 4426 BLTV
