2934 4934
443 382 681 452 Epistularum
703 380 791 437 liber
808 382 870 438 VII.
1159 380 1220 447 173

99 578 265 661 inpletum,
292 574 488 658 Epiphanius
517 576 678 657 acceptam
707 572 858 655 pecuniae
886 572 1062 637 refunderet
1096 568 1221 653 quanti·

99 684 203 745 tatem.
238 697 323 745 nune
350 679 383 745 in
403 677 558 760 potestate
580 678 630 741 est
651 675 799 743 culminis
832 674 929 741 uestri
960 673 1147 741 decisionem
1170 688 1221 737 no·

99 786 205 857 stram,
226 782 254 847 si
276 783 391 863 placet,
413 780 600 849 auctoritate
622 779 746 847 fulcire.

639 951 682 1017 11.

79 1089 90 1129 e
479 1070 664 1128 eunomus
687 1070 833 1127 FAVSTO.

137 1179 300 1261 Quantum
321 1179 362 1245 ad
383 1178 500 1245 fascem
521 1178 670 1243 maeroris
692 1175 836 1261 adiungit
857 1174 1033 1258 interrupta
1047 1172 1220 1251 tribulatio,

98 1282 219 1365 quaudo
241 1285 278 1347 ut
293 1280 396 1348 acrius
418 1285 490 1348 urat
511 1281 695 1361 aduersitas,
710 1296 929 1363 prosperorum
946 1276 1118 1347 mutatione
1134 1277 1222 1345 blan·

98 1387 196 1453 ditur!
220 1388 260 1452 ad
283 1384 369 1451 cuius
390 1403 539 1469 umquam
561 1403 640 1451 onus
662 1383 803 1463 accessit,
827 1382 909 1464 quod
931 1381 1133 1447 continuatae
1155 1398 1221 1447 sar-

96 1490 198 1554 cinam
233 1488 425 1555 calamitatis
456 1488 593 1556 abiecit?
629 1504 723 1569 quam
757 1485 836 1556 bene
871 1503 921 1554 me
956 1484 997 1551 ad
1033 1483 1222 1569 patientiam

67 1612 89 1652 uo
96 1592 255 1660 absentiae
276 1592 399 1665 uestrae
420 1591 534 1673 longus
555 1594 734 1673 temporum
754 1608 828 1655 usus
852 1592 1024 1673 optauerat
1056 1588 1131 1653 dum
1152 1587 1220 1667 hoo,

96 1695 177 1777 quod
199 1694 338 1761 felicitas
365 1711 428 1760 non
454 1694 598 1772 habebat,
622 1692 794 1759 didicerant
823 1710 881 1759 nec
907 1694 983 1758 uota
1010 1694 1220 1775 praesumere!

97 1817 166 1865 ecce
188 1800 308 1865 iterum
319 1800 360 1865 de
380 1798 564 1863 inueteratis
580 1797 737 1863 doloribus
759 1797 863 1878 passio
886 1795 1011 1862 nouella
1026 1813 1074 1859 mc
1092 1794 1223 1873 lacerat,

96 1903 126 1966 et
148 1901 324 1973 obductam
344 1900 522 1967 cicatricem
552 1900 703 1967 rescindit
725 1900 807 1965 ictus
830 1899 957 1964 acutior.
992 1896 1222 1982 inploraueram

95 2025 113 2071 a
134 2007 313 2071 discedente
340 2004 601 2082 misericordiam,
631 2004 666 2068 ut
688 2003 770 2086 quod
799 2003 837 2067 de
860 2002 1015 2084 praesenti
1039 1999 1220 2067 cunabula-

65 2109 179 2175 etione
202 2107 382 2192 perdebam,
404 2106 519 2172 litteris
541 2108 733 2191 pensaretur,
756 2125 814 2171 nec
831 2105 912 2170 hanc
935 2104 1057 2189 frugem
1080 2103 1222 2171 omnibus

95 2210 258 2277 desideriis
280 2210 400 2275 ieiunus
422 2210 551 2276 emerui
581 2228 639 2295 ego
662 2206 895 2277 consuetudinis
922 2226 1009 2273 meae
1032 2224 1092 2272 nou
1115 2206 1222 2289 negle-

95 2334 170 2400 gens
203 2316 287 2381 inter
318 2314 467 2380 lacrimas
500 2313 618 2395 scripta
640 2314 805 2391 concinno,
839 2310 953 2394 qulbus
982 2310 1018 2375 de
1046 2308 1221 2377 adflictione

94 2438 163 2484 mea
186 2418 303 2483 credidi
326 2417 372 2482 nil
393 2417 497 2500 potius
519 2416 730 2495 indicandum,
754 2414 894 2481 inlustris
917 2414 977 2481 uiri
1000 2414 1103 2480 domni
1128 2414 1223 2478 Pam·

94 2521 177 2586 froni
199 2520 351 2586 relatione
372 2524 544 2587 contentus.
581 2540 677 2599 nunc,
708 2520 753 2585 mi
776 2522 914 2601 domine,
944 2518 1090 2600 obsequia
1113 2514 1223 2580 iamuli

65 2626 194 2690 auestri
224 2622 390 2709 dignanter
419 2623 550 2705 accipite
579 2625 611 2688 et
639 2623 763 2689 animae
797 2623 831 2687 in
854 2621 1008 2707 angustiis
1037 2619 1223 2685 constitutae

95 2728 236 2795 remedia
258 2727 404 2793 consueta
425 2727 591 2811 praestate.

630 2864 689 2931 ΙΙΙ.

484 2980 669 3039 annorum
690 2980 836 3039 emano.

138 3090 262 3171 Quibus
283 3088 534 3171 magnitudinem
556 3093 645 3154 tuam
663 3088 874 3154 discedentem
898 3085 1039 3170 precibus
1060 3083 1224 3169 inplorari,

65 3194 210 3259 emerito
231 3196 411 3273 retexerem,
433 3191 497 3257 nisi
518 3191 685 3257 memoriae
706 3191 830 3256 uestrae
854 3192 996 3274 inrogare
1019 3186 1223 3255 contumelias

96 3299 259 3363 euitarem.
296 3314 370 3363 nam
402 3296 456 3379 qui
483 3298 643 3361 amantem
664 3294 702 3360 de
723 3294 789 3376 his,
818 3311 897 3376 quae
918 3309 1025 3358 recens
1046 3290 1121 3356 eunt
1142 3292 1221 3369 eote,

147 3498 322 3569 lepilauius
343 3499 372 3554 B
473 3498 688 3553 idecissionem
712 3498 739 3553 Τ
840 3498 958 3551 nostram
976 3498 1067 3551 uestra
1089 3496 1155 3562 sort·

94 3586 111 3641 3
130 3586 228 3640 luleite
244 3584 280 3641 Τ·

146 3672 186 3727 Π.
220 3670 368 3726 tmeroris
390 3669 481 3736 ΜΨ,
510 3670 635 3725 memoris
656 3669 706 3723 Bb
808 3670 985 3737 Suuuqusm
1009 3666 1035 3721 T
1135 3666 1221 3721 honus

94 3756 188 3826 BLV,
218 3757 353 3823 bonusl',
379 3756 500 3812 bonust
601 3756 746 3811 timeam.
765 3755 792 3810 Τ
894 3756 924 3810 11
946 3752 1098 3807 dedicerant
1117 3750 1156 3805 ΒΙ

96 3863 130 3915 13
147 3826 285 3917 amidio
301 3858 370 3917 Bm
461 3858 622 3944 secationi*
715 3858 912 3929 inploraberam
928 3857 957 3911 Β
1062 3855 1096 3910 14
1114 3870 1223 3924 a-per-

94 3964 191 4019 delam
209 3978 261 4019 ona
280 3962 309 4016 B
325 3961 390 4018 cdd.
408 3976 479 4019 corr.
496 3963 528 4017 ta
544 3978 594 4033 mg.
611 3962 666 4029 ieef.
764 3963 905 4032 negligens
922 3961 978 4016 ΒΤ
1075 3958 1106 4015 17
1126 3958 1224 4029 ueripta

94 4051 149 4117 Bt,
177 4066 229 4106 on.
246 4048 331 4106 MV
424 4050 681 4107 remunerarem
766 4049 924 4122 inlillustris
937 4047 964 4101 B
1049 4044 1158 4099 uirieL

94 4136 200 4191 domini
218 4136 246 4191 Β
263 4138 309 4206 (sa
326 4139 391 4202 rec.)
406 4136 447 4192 Tb
549 4136 683 4206 panfronii
701 4135 728 4190 Τ

148 4222 204 4278 HL
232 4222 522 4278 24descendentemB
607 4222 745 4292 praecibus
758 4222 786 4277 Β
871 4221 1063 4278 redemtorem
1076 4218 1161 4275 ΜΨ

95 4309 178 4379 quae]
195 4310 241 4378 qni
260 4308 287 4363 L
