2934 4934
1162 427 1236 474 XXV

106 591 194 654 11661.
225 588 283 653 161.
307 588 380 654 Vt
409 609 455 655 nr.
487 591 572 658 6266
601 594 776 674 perspexit,
815 613 853 656 61
889 595 1073 687 6161611116,
1094 598 1233 682 traxerit,

106 711 175 756 eum
197 691 245 755 ibi
267 693 343 757 haeo
365 697 534 760 memoriae
556 697 743 777 prodantur:
772 698 915 762 tumulas
937 719 960 762 a
979 699 1071 764 mobis
1093 703 1235 781 repertos

12 855 13 870 ,
103 795 152 860 tic
175 795 404 860 adscribendus
425 796 490 878 fait
575 797 656 878 quod
677 797 717 862 ab
739 797 860 863 hisdem
881 800 1016 864 aedituis
1038 804 1236 882 (1666616616

12 875 13 906 ¹
104 899 134 966 S.
158 899 318 964 1161161661
341 899 512 965 Mediolani
534 918 635 965 sermo
658 901 717 982 661)
741 902 812 964 ima
832 904 918 967 male
938 903 1081 968 16611666
1102 905 1234 987 offerd-

12 991 13 1074 J
102 1019 184 1078 mus,
207 1005 244 1065 61
267 1001 371 1066 alieno
399 1001 462 1066 loeo
488 1003 641 1083 imposita
662 1022 771 1068 666666
792 1004 937 1086 ineptam
964 1007 1122 1087 quoddam
1142 1009 1235 1074 aliud

12 1109 13 1114 ’
100 1102 304 1184 sepulebnem
318 1110 486 1188 6661666161
500 1107 773 1187 necessariamque
792 1106 890 1188 fuerit
910 1112 1070 1173 6616616116
1082 1109 1166 1174 bano
1182 1112 1234 1175 ia·

12 1201 13 1272 }
100 1208 302 1288 seripdionem
318 1229 339 1272 6
353 1209 525 1274 recentibus
539 1209 730 1290 quibusdam
745 1211 873 1275 naeniis
886 1229 1044 1295 separme,
1067 1214 1100 1277 61
1120 1213 1235 1278 oodiois

99 1310 272 1374 laudensis
302 1329 412 1377 manus
441 1315 590 1394 posterior
621 1313 672 1394 (de
701 1331 762 1395 qua
789 1314 828 1378 61.
852 1313 1080 1380 Mommsennm
1102 1335 1132 1398 p.
1156 1315 1232 1401 629)

99 1423 161 1476 ares
187 1431 296 1478 uersus
321 1414 405 1478 7-9
428 1415 525 1480 166166
547 1415 584 1478 in
600 1413 736 1480 eandida
757 1415 866 1496 lapide
888 1417 992 1495 addat,
1017 1421 1086 1501 quis
1109 1420 1147 1484 de
1168 1421 1234 1486 ori·

97 1521 171 1598 gine
194 1516 288 1582 huius
309 1518 456 1582 6611111616
471 1519 628 1583 dubitabit
644 1521 738 1600 atque
754 1537 790 1582 61
803 1519 892 1586 libris
907 1519 987 1584 illud
1009 1524 1232 1605 manuscriptis

98 1622 129 1683 in
153 1619 292 1702 sylloges
314 1621 434 1686 Aloiati
457 1621 650 1704 aliorumque
673 1623 835 1687 transiisse
856 1623 1086 1705 suspicabitur?
1109 1644 1233 1691 earmen

12 1745 13 1776 1
96 1741 172 1788 sane
194 1726 296 1806 ipsum
320 1723 401 1790 bane
422 1726 630 1808 suspicionem
652 1743 811 1791 remouere
833 1727 886 1790 nix
913 1727 1023 1809 possit,
1054 1745 1126 1793 oum
1154 1745 1233 1810 quas

12 1903 13 1916 χ
95 1826 273 1907 6666116166
294 1827 389 1891 babet
410 1827 581 1909 seripturas
610 1830 642 1891 in
666 1845 712 1892 us.
735 1826 758 1891 4
779 1847 858 1891 nam
886 1847 942 1911 pro
963 1831 1010 1893 sie
1032 1832 1064 1894 st
1085 1831 1118 1895 in
1142 1849 1187 1895 us.
1212 1833 1233 1898 6

94 1935 146 1992 sas
175 1949 233 2012 pro
260 1931 305 1994 sio
334 1947 397 1994 non
419 1930 464 1994 116
492 1931 688 2011 comparatae
710 1929 785 2008 sint,
807 1933 844 1994 ut
864 1949 920 2014 per
941 1951 975 1997 ss
996 1930 1231 2016 probabilitatis

94 2034 266 2098 momentis
289 2033 550 2098 commendentur.
581 2033 674 2097 buius
696 2035 793 2116 igitur
808 2037 839 2098 et
853 2035 1041 2117 reliquorum
1056 2037 1232 2102 earminnm

94 2137 228 2219 syllogis
262 2135 469 2219 epigrapbiois
503 2141 755 2202 oonssruatorum
791 2139 977 2217 aestimatio,
1012 2138 1075 2203 nisi
1103 2141 1141 2206 de
1169 2141 1232 2205 ori-

94 2243 168 2321 gine
200 2239 360 2320 61616116
389 2239 515 2304 illarum
538 2241 726 2321 eonstiterit,
755 2240 794 2304 de
823 2241 936 2322 quibus
957 2241 1170 2308 Mommsenus
1197 2242 1233 2308 in

94 2342 188 2425 6616.
212 2343 305 2408 inser.
329 2343 384 2408 lat.
409 2343 679 2426 1126617616.
709 2345 791 2427 egit,
815 2345 937 2409 ineerta
957 2346 1136 2412 iactabitur.
1175 2367 1228 2412 er·

92 2449 183 2512 stant
205 2449 312 2511 autern
335 2447 534 2512 oolleotiones
556 2450 645 2530 duae,
669 2447 791 2512 Aloiati
806 2466 833 2512 6.
849 2467 877 2512 6.
896 2447 978 2514 1508
993 2450 1162 2515 Mediolani
1180 2454 1231 2516 in·

93 2551 213 2614 6111616
235 2551 267 2613 61
288 2550 456 2624 Fauianae,
481 2551 536 2632 qui
557 2551 821 2616 6615666616
843 2552 986 2629 aonfeoit,
1009 2553 1042 2617 in
1058 2573 1135 2637 quas
1157 2572 1229 2620 oum

92 2655 157 2718 alia
189 2657 260 2716 turn
290 2653 426 2734 quinque
448 2654 503 2718 illa
526 2655 563 2719 ds
593 2653 742 2738 episcopis
766 2655 1050 2721 Mediolanensibus
1073 2657 1230 2739 epigram·

93 2758 185 2821 mata
207 2774 242 2818 61
264 2757 436 2820 6616611616
457 2757 562 2820 oodioe
584 2761 709 2838 sumpta
730 2760 815 2832 sunt,
839 2777 932 2840 quem
954 2777 1047 2823 6661
1069 2759 1227 2842 lapidibus

93 2861 173 2941 ipsis
211 2863 338 2940 6166616
378 2859 522 2924 habuisse
560 2861 772 2925 Mommsenus
815 2863 968 2944 opinatur.
1013 2880 1113 2943 neque
1154 2863 1228 2927 inde

93 2981 168 3028 eum
196 2963 235 3026 de
264 2963 322 3026 1166
349 2962 467 3043 origine
495 2961 652 3027 dubitatio
681 2963 788 3047 subiit,
811 2966 893 3047 quod
922 2964 1085 3028 Alsietina
1106 2983 1125 3029 a
1146 2965 1227 3030 Fon·

93 3065 233 3130 lanienis
267 3067 360 3130 ualde
394 3065 546 3130 differunt
575 3071 606 3130 et
640 3070 753 3132 neutra
787 3071 923 3132 16661616
953 3086 1025 3132 onrn
1053 3085 1098 3146 sa,
1133 3086 1228 3150 quam

94 3169 217 3234 oodioes
239 3168 410 3234 Ennodiani
432 3171 642 3252 suppeditant,
666 3172 754 3235 ouius
768 3171 991 3253 praestantiam
1007 3171 1063 3236 ille
1077 3175 1160 3236 16616
1175 3171 1226 3236 iu·

93 3273 228 3351 bellerii,
257 3272 426 3337 oonsooiari
454 3275 565 3354 potest.
601 3274 752 3353 quaestio,
780 3275 894 3356 inquit,
916 3279 1049 3355 propter
1068 3293 1228 3339 66666666

93 3376 260 3455 utrimque
288 3376 476 3440 recensionis
505 3376 722 3440 diuersitatem
751 3376 924 3440 admodum
948 3377 1104 3458 66661666
1129 3378 1228 3442 etiam

92 3479 199 3561 mayis
222 3497 253 3541 eo
281 3479 498 3559 rebaptisatus,
532 3479 616 3560 qaod
646 3481 730 3544 inter
752 3480 902 3546 Enaodii
933 3481 1168 3565 epiprammata
1189 3481 1227 3544 ia

93 3565 222 3647 amem
250 3581 410 3647 summm
439 3587 651 3664 66666666
677 3584 967 3650 assummum
997 3585 1036 3649 aa
1058 3584 1225 3650 Amaoso

93 3685 137 3748 ad
168 3685 364 3750 Theodoram
395 3686 515 3764 (Oarm.
539 3685 560 3749 1.
584 3691 606 3752 2
628 3708 675 3768 66.
700 3691 847 3770 77-89)
878 3689 1017 3770 6616666
1045 3687 1225 3752 66111666-

93 3788 481 3872 16661(6ν.3[-79].
512 3793 534 3852 4
560 3789 612 3872 [-
628 3791 694 3874 801.
718 3794 738 3855 5
763 3791 814 3874 1·-
831 3792 899 3875 621.
924 3797 943 3856 6
967 3792 1020 3875 [-
1035 3793 1104 3877 63].
1127 3795 1149 3855 8
1173 3791 1225 3874 [=

94 3892 160 3975 87],
182 3891 237 3954 sed
258 3889 365 3970 forma
387 3891 560 3956 admodum
581 3892 711 3958 dmersa
726 3899 754 3957 61
768 3900 805 3958 at
822 3895 911 3958 modo
933 3895 1113 3975 Atriatibus,
1137 3893 1226 3958 modo

96 3992 311 4058 Fundaniana
333 3996 470 4060 recensio
487 3996 624 4076 propias
647 3995 731 4062 eost
748 3997 787 4061 ab
803 3995 1004 4062 Monodiaaa
1026 3997 1121 4074 edita,
1145 4016 1225 4078 6666

95 4115 171 4162 saue
189 4102 334 4178 praestat
355 4098 489 4180 6111666.
513 4103 548 4162 61
569 4103 724 4164 amtorem
746 4099 880 4182 66116666
902 4099 999 4164 baias
1020 4119 1056 4163 ea
1077 4099 1226 4164 sororina

96 4218 134 4262 ea
155 4199 256 4265 cedma
277 4199 423 4264 Eaaodii
444 4202 615 4283 sumpsisse
636 4221 701 4266 aaa
722 4202 919 4287 crediderim,
942 4205 1038 4270 immo
1052 4203 1225 4284 composuit

95 4304 229 4388 66116666
259 4307 303 4371 ad
335 4307 421 4388 ipsos
454 4306 577 4390 lapides
604 4328 666 4389 per
694 4309 839 4374 6661661616
868 4307 1123 4373 Mediolanenses
1145 4326 1225 4387 pro·
