2934 4934
409 366 524 436 Opusc.
542 365 609 420 1111.
637 365 719 420 Vita
736 364 768 418 B.
786 366 919 420 Antoni.
1164 367 1227 433 387

94 558 150 640 qui
173 557 336 640 ignoratur
358 572 413 638 per
434 553 588 636 originem
611 551 766 618 similium
787 555 938 620 clarescat
959 553 1087 620 affectu:
1120 554 1228 640 ‹lepre-

95 660 246 726 henditur
268 675 357 724 mens
378 658 500 722 secreta
521 675 576 739 per
598 655 697 722 aomos
720 659 753 721 et
773 656 826 722 cui
847 674 910 721 non
930 657 1005 723 licet
1019 659 1059 723 aul
1073 657 1229 742 liquidum

94 761 347 846 superuenientis
376 760 544 826 aestimare
573 760 801 826 conscientiam
826 760 1006 825 conceditur
1036 763 1074 826 st
1101 761 1139 827 de
1165 764 1229 828 suis

94 865 306 948 deprehendat
320 867 472 930 externos.
495 881 569 930 uam
585 881 658 928 cum
678 882 751 929 eum
773 865 883 929 bsatm
897 862 1017 928 Marius
1037 863 1104 928 illis
1118 865 1227 944 oculis,

71 969 212 1052 equibus
250 972 372 1033 mentes
409 967 574 1043 uidentur,
618 967 788 1050 inspiceret
823 969 857 1030 et
892 965 1049 1032 interioris
1086 967 1238 1033 decorem

94 1072 236 1138 hominis
258 1070 451 1136 absconditis
472 1071 712 1154 percontaretur
732 1069 905 1152 optutibus,
928 1070 1030 1136 uoluit
1049 1089 1122 1136 enm
1136 1072 1228 1137 cleri·

94 1195 206 1241 corum
230 1175 347 1242 sociare
358 1174 497 1258 'collegio
513 1175 545 1238 et
560 1173 644 1238 inter
658 1172 884 1239 ecclesiasticos
899 1176 1004 1239 coctus
1019 1175 1229 1256 praestantem

92 1280 221 1344 meritis
251 1278 394 1343 dedicare
423 1295 599 1360 personam.
635 1277 689 1341 sed
718 1275 804 1361 ingit
832 1276 980 1343 honorem
1006 1279 1095 1343 uelut
1116 1279 1228 1343 ueneni

92 1383 244 1468 poculum
273 1381 326 1464 qui
354 1398 476 1465 semper
504 1379 677 1462 potentiam
706 1379 839 1444 emunt
866 1380 1022 1446 subiecere
1050 1382 1084 1445 et
1108 1383 1227 1448 seruire

58 1507 84 1546 ιο
92 1487 253 1571 patienter
275 1484 427 1568 praetulit
449 1484 547 1567 regali
569 1482 753 1550 dominatui.

137 1605 189 1671 Ne
218 1611 324 1671 umen
358 1605 411 1671 diu
445 1605 602 1670 humanae
636 1603 880 1670 conuersationis
911 1605 1028 1669 mirtm
1061 1603 1227 1671 inlecebris

94 1710 279 1776 sometatem
308 1707 502 1792 contagionis
531 1707 684 1788 hauriret,
714 1707 811 1790 elegit
837 1725 991 1772 secessum
1013 1708 1098 1773 hand
1118 1709 1228 1791 procul

95 1833 117 1878 a
138 1812 227 1878 beati
248 1811 396 1897 martyris
419 1810 537 1876 Fidelis
564 1812 722 1893 sepulcro,
750 1809 808 1875 ubi
830 1810 939 1875 larius
961 1810 1044 1876 Ionii
1064 1813 1228 1878 marmoris

94 1917 200 1982 minas
232 1915 374 2000 deponit,
409 1915 544 1997 quando,
576 1931 614 1979 ne
649 1914 798 1997 euagetur
825 1913 965 1996 longius,
1000 1913 1129 1980 obiectis
1150 1915 1227 1998 ripis

58 2045 84 2086 1⁵
94 2021 250 2086 resistunt
283 2019 371 2084 irena
404 2019 536 2085 telluris.
575 2019 641 2086 illio
674 2019 793 2084 inserto
823 2017 959 2084 nubibus
987 2019 1105 2084 uertice
1137 2039 1226 2086 mons

95 2125 253 2208 coruscat,
276 2123 331 2205 qui
354 2122 553 2188 sublimitate
576 2141 632 2189 sua
653 2119 755 2186 uincit
777 2125 944 2204 aspectum.
982 2121 1036 2187 sed
1058 2140 1153 2205 quam
1174 2142 1227 2188 su·

94 2229 210 2309 perbus
243 2230 291 2292 est
324 2227 559 2310 magnitudine,
594 2230 660 2291 tam
690 2225 828 2290 difficilis
858 2243 997 2293 ascensu.
1033 2246 1107 2292 nam
1130 2227 1227 2293 nullis

95 2335 172 2396 ante
194 2329 384 2395 monachum
405 2332 548 2395 nostrum
570 2329 676 2412 patuit
704 2331 863 2414 gressibus
890 2349 949 2395 neo
976 2351 1032 2415 per
1060 2335 1228 2414 praerupte

95 2451 244 2499 saxorum
267 2432 398 2498 humani
420 2433 543 2516 generis
571 2433 700 2498 admisit
723 2432 889 2499 formidine
911 2438 1107 2518 repugnante
1128 2437 1228 2500 uesti-

58 2538 196 2620 sogium.
233 2537 267 2601 in
289 2535 436 2620 praecisis
466 2537 611 2602 cautibus
632 2537 705 2602 tuta
726 2536 801 2601 feris
823 2537 952 2620 longum
974 2537 1117 2620 praebuit
1139 2538 1226 2602 nullo

96 2643 268 2704 exterrente
298 2639 428 2718 cubilia,
460 2659 496 2705 eo
522 2639 632 2732 bestiis
663 2638 822 2716 blandior,
851 2658 911 2722 quo
940 2639 1113 2706 terribilius
1142 2641 1226 2724 agri-

95 2746 236 2809 colarum
259 2743 399 2808 minatur
422 2743 575 2809 excursui.
610 2742 645 2806 in
666 2742 724 2808 hoc
740 2742 790 2808 dei
812 2742 950 2807 famulus
971 2743 1075 2808 sedem
1098 2741 1226 2827 delegit,

94 2849 129 2912 in
152 2865 213 2930 quo
235 2848 302 2913 sola
324 2847 385 2913 fuit
407 2847 548 2930 placendi
568 2863 670 2924 causa,
694 2846 768 2927 qnia
783 2863 978 2929 nequaquam
993 2844 1227 2912 lenocinabatur

95 2950 288 3033 aspectibus.
334 2951 414 3016 nibil
447 2969 554 3015 secum
587 2949 722 3031 amplius
755 2949 818 3014 nisi
850 2967 962 3032 parum
995 2949 1162 3033 leguminis
1195 2951 1227 3016 et

59 3073 86 3114 ss
96 3053 245 3136 ligonem,
269 3071 329 3135 quo
344 3055 462 3119 terram
479 3053 673 3131 sollicitaret,
696 3053 733 3116 de
750 3052 859 3117 mundi
874 3050 1034 3118 beneflciis
1049 3054 1225 3132 summoue,

97 3155 258 3221 dedicauit
281 3155 392 3221 callem
416 3154 560 3222 subiecta
583 3155 753 3240 asperitate
775 3156 940 3221 nescitum.
971 3157 1044 3241 inge
1059 3157 1118 3222 illa
1137 3155 1230 3222 iudo·

200 3329 234 3383 25
252 3327 285 3386 cf.
303 3328 363 3384 Tib.
381 3327 395 3382 I
414 3329 438 3396 l,
455 3328 491 3382 30

151 3487 164 3539 1
189 3485 315 3540 cluriscat
337 3484 364 3539 Β
472 3485 489 3540 3
513 3485 699 3540 constientiam
723 3483 750 3538 L
853 3484 870 3538 6
892 3485 1109 3554 percunctaretur
1135 3484 1161 3537 Τ

95 3569 237 3627 obtutibus
256 3571 281 3625 T
376 3573 391 3626 'l
410 3575 573 3640 prestantem
593 3571 620 3625 B
725 3571 756 3624 ll
775 3570 987 3624 consecrationes
1005 3569 1033 3622 B
1132 3569 1164 3622 12
1180 3583 1228 3622 an·

96 3659 164 3712 rirct
180 3657 221 3723 B,
248 3656 353 3714 hauriet
375 3657 409 3710 T¹
473 3695 476 3706 .
512 3657 580 3712 haut
603 3658 661 3712 BT
763 3656 796 3710 13
819 3653 931 3724 Fidelis]
954 3653 1052 3708 Felicis
1075 3653 1158 3709 &aa

95 3726 269 3832 epotus,
296 3760 511 3831 separemur
612 3761 644 3816 14
661 3759 778 3828 rupem
794 3757 833 3812 u*
850 3757 1013 3812 cremam
1116 3758 1226 3812 resae

95 3847 225 3901 limitetis
243 3846 270 3901 Β
364 3863 413 3901 sua
431 3863 480 3902 cm.
499 3847 527 3900 B
622 3847 654 3900 18
672 3861 718 3914 per
736 3845 799 3923 Bb,
826 3860 877 3898 cra.
896 3842 1008 3898 LPTV
1100 3847 1228 3911 prerupta

96 3933 125 3987 Β
231 3934 262 3987 19
279 3931 388 3987 adiubit
408 3933 455 4001 (sit
473 3934 583 3997 inrue.)
603 3931 629 3985 L
738 3927 1027 3984 formidine-cubilia
1042 3929 1153 3997 caspar
1169 3929 1226 3983 olio

95 4037 131 4074 m.
149 4025 208 4074 aar
227 4019 254 4073 L
357 4033 527 4106 repugnasse
550 4018 577 4072 Β
681 4015 716 4070 iio
738 4015 847 4085 precisis
870 4015 899 4068 Β
1000 4014 1108 4083 prebuit
1131 4014 1159 4068 Β

95 4123 128 4178 21
157 4121 307 4178 terribilius
333 4127 376 4192 (ns
398 4125 430 4178 ios
453 4127 518 4189 rus.)
551 4119 576 4177 V
681 4119 716 4174 22
742 4117 857 4173 famulas
884 4117 942 4172 LV
1041 4117 1144 4186 delegit
1170 4119 1225 4183 Pb,

96 4227 191 4295 diligit
209 4226 322 4281 auur
420 4227 455 4282 aa
472 4199 657 4282 rhenensem
674 4225 715 4290 a,
742 4222 942 4278 renensium
959 4221 987 4275 u
1088 4221 1124 4275 ec
1140 4221 1227 4275 soun-

95 4320 167 4369 taret
185 4315 226 4382 B,
253 4313 413 4368 sollicitaret
434 4314 469 4368 V¹
565 4311 607 4368 ’26
625 4312 728 4366 obiecta
745 4310 870 4376 fortan
884 4308 936 4362 sub
954 4308 1029 4362 ista?

1071 4412 1125 4466 25*
