2934 4934
1135 423 1225 473 LXIII

89 591 189 657 cusa
219 609 276 674 pro
305 590 342 656 cle
369 590 419 656 leis
441 592 473 658 in
495 591 522 655 B
551 591 663 658 exstat.
686 625 727 640 -
749 592 829 670 231,
866 593 887 658 6
912 591 967 658 seui
998 593 1078 676 quia
1105 593 1169 661 loco
1197 601 1225 660 el

88 695 200 777 mitras
232 694 334 762 diuisi
362 715 419 760 nec
454 695 639 780 ‹iilipentioe
673 697 736 779 iope
764 701 959 779 reponuntor
991 701 1223 781 (conparantur

89 800 206 881 codd),
234 799 302 865 ideo
326 803 497 881 perfectum
524 801 669 867 summulis
697 802 873 881 cmitutern,
903 803 934 866 si
956 800 1143 885 (lipsiensi,
1165 803 1224 867 oci-

88 901 247 969 locutione
268 905 454 984 mosania
490 904 619 971 fortasse
642 909 863 986 superantem
884 905 1023 988 syllabae
1046 905 1145 972 falsae
1165 906 1224 970 ad·

88 1005 223 1071 lectione
245 1010 466 1088 conparentur
486 1011 613 1072 enatum
635 1012 692 1088 est,
720 1026 794 1073 cum
820 1012 1015 1090 separantur
1036 1008 1143 1091 reponi
1164 1011 1222 1075 de·

87 1111 184 1175 beret
210 1111 354 1192 quamuis
376 1112 460 1175 enim
482 1111 622 1177 homines
643 1113 776 1177 diuersis
798 1112 874 1176 locis
893 1112 1009 1195 degant
1025 1116 1057 1177 et
1078 1111 1162 1178 inter
1184 1129 1219 1176 ee

85 1213 245 1297 dignitate
272 1213 429 1296 different,
463 1217 571 1280 temen
599 1215 668 1300 lege
696 1216 814 1280 amoris
842 1233 903 1280 non
932 1217 1127 1298 separantur,
1162 1214 1216 1280 sed

9 1363 10 1412 3
86 1316 292 1382 contuentur
320 1317 451 1401 indeque
480 1317 651 1400 epistulare
681 1319 904 1384 commercium
938 1318 1156 1401 proficiscitur.
1179 1353 1221 1366 -

9 1443 10 1470 r
87 1419 164 1499 232,
187 1421 211 1483 4
243 1419 394 1503 loquendo
423 1419 643 1507 <in>portune
682 1420 715 1486 in
744 1421 900 1488 codicilnn
929 1426 1032 1488 entut
1060 1426 1220 1504 oponam,

88 1541 123 1587 ex
147 1527 289 1604 portuno
318 1525 450 1590 fortasse
479 1523 558 1590 salso
586 1525 771 1590 correctum.
805 1525 845 1590 oi.
876 1525 922 1591 St
945 1524 982 1592 V.
1007 1525 1057 1590 111
1087 1526 1157 1591 138.
1178 1561 1222 1574 --

88 1625 164 1704 252,
190 1626 227 1690 11
251 1628 360 1710 feruor
385 1631 484 1709 (error
498 1627 611 1708 codd).
635 1627 675 1694 cl.
696 1627 770 1704 275,
788 1628 829 1693 10
851 1632 882 1693 et
904 1627 949 1693 St.
967 1627 1004 1692 V.
1021 1628 1073 1692 ΙΙΙ
1091 1630 1162 1694 134.
1178 1663 1221 1678 -

86 1729 164 1808 253,
190 1729 230 1795 18
253 1748 376 1795 summa
397 1730 580 1796 Theoderici
608 1731 690 1814 regis
717 1731 875 1814 aequitate
904 1730 1022 1796 iactum
1051 1736 1108 1805 est,
1136 1736 1171 1795 nt
1192 1735 1223 1795 et

86 1835 210 1897 mutum
232 1851 326 1897 suam
350 1833 515 1915 locupletes
540 1833 598 1916 (sic
613 1833 717 1911 Sirra,
738 1832 899 1914 locupletis
914 1832 1015 1916 codd.)
1031 1851 1219 1914 prosperum

91 1941 290 2019 (puupunm
312 1938 413 2020 codd.)
438 1937 632 2002 susannae
654 1941 781 2002 terreant
802 1941 831 2001 et
851 1937 1023 2002 mediocres
1044 1937 1089 2000 ud
1110 1955 1221 2018 supre-

85 2061 177 2106 mam
199 2041 397 2124 opulentiam
418 2041 651 2107 concalescunt.
688 2041 970 2108 substantiale.
994 2059 1068 2124 opes
1089 2059 1220 2124 magnes

81 2153 116 2209 et
139 2145 312 2210 mediocres
341 2145 452 2228 opponi
482 2146 578 2228 patet,
609 2163 742 2227 quarum
768 2144 843 2210 illae
875 2146 996 2210 statum
1024 2163 1116 2210 suum
1148 2163 1223 2228 pro·

9 2319 10 2340 ¹
83 2265 216 2330 sperum
243 2246 413 2323 retineant,
445 2248 502 2313 hae
530 2265 603 2313 uero
627 2250 774 2313 crescant.
812 2263 922 2330 quare,
951 2248 1025 2312 licet
1054 2249 1137 2333 apud
1160 2249 1222 2314 Bo-

9 2359 10 2410 }
83 2367 196 2418 manos
225 2353 392 2435 paupertas
420 2369 481 2415 non
510 2369 588 2433 quae
618 2368 718 2432 peuce
746 2351 897 2432 possidet,
931 2352 985 2415 sed
1014 2369 1092 2434 quae
1120 2353 1223 2418 multa

9 2445 11 2472 ²
84 2474 150 2521 non
184 2453 323 2536 possidet
357 2453 495 2528 ffioatm,
530 2473 715 2534 puerperam
748 2455 900 2536 quomodo
933 2454 1079 2537 explicari
1113 2456 1221 2536 possit,

84 2559 264 2642 perspicere
286 2575 412 2641 nequeo.
445 2595 477 2606 -
501 2556 635 2634 254,19
657 2555 830 2621 commui
849 2557 966 2637 species
991 2559 1098 2641 (aries
1120 2557 1219 2640 codd)

82 2663 196 2726 animo
219 2681 286 2726 meo
301 2663 366 2744 piu
387 2660 603 2744 ludificatione
624 2659 779 2726 mamea.
817 2663 914 2726 animi
936 2662 1020 2726 enim
1042 2663 1146 2747 imago
1167 2663 1222 2727 ds-

83 2767 252 2848 scribitur,
281 2785 361 2848 qnue
385 2765 532 2846 poscebat
560 2765 596 2828 in
625 2783 732 2830 umore
761 2762 941 2845 fallacium.
978 2765 1111 2830 fumasse
1138 2765 1222 2832 idem

86 2869 238 2935 mendum
262 2869 341 2933 latet
366 2867 416 2948 12,
439 2867 650 2950 3(Aoienrrs)
672 2887 791 2932 aarum
805 2865 1028 2933 Demosthenis
1047 2871 1077 2932 et
1097 2867 1222 2948 ferrum

87 2972 254 3038 Ciceronis
275 2971 438 3056 expendit,
466 2975 633 3052 utromque
660 2970 788 3036 dicrum
809 2971 921 3036 seriem
942 2969 1083 3036 Lotirens
1104 2971 1222 3036 relator

83 3075 247 3158 impleuit,
272 3074 336 3155 ubi,
360 3092 430 3140 oum
453 3078 491 3140 de
514 3077 635 3141 duobus
659 3073 783 3141 diceudi
805 3075 970 3158 generibus
993 3077 1115 3158 agatur,
1142 3094 1221 3158 quae

84 3179 139 3244 ille
161 3176 385 3261 amplectitur,
407 3181 574 3260 utrumqne
595 3177 721 3242 dicendi
743 3176 912 3259 speciem
933 3181 1155 3261 exspectamus.
1179 3213 1221 3228 ·-

83 3283 155 3360 256,
190 3285 228 3346 11
263 3279 471 3367 <doninica
508 3283 589 3364 quod
617 3283 650 3346 in
682 3279 840 3349 codicibus
873 3282 973 3346 sabat
999 3281 1155 3347 uicinius
1184 3301 1220 3346 ex

83 3387 210 3452 crinitus
233 3389 339 3451 ortum
361 3387 419 3450 eet.
449 3385 487 3450 cl.
510 3385 557 3451 St.
583 3384 620 3450 V.
643 3384 693 3448 111
717 3384 789 3451 139.
818 3385 918 3450 altero
940 3385 1007 3450 loco
1028 3384 1103 3468 399,
1126 3385 1147 3450 5
1168 3404 1219 3448 re·

82 3491 191 3556 mansi
212 3487 309 3574 sotus,
331 3489 424 3570 inops
445 3508 479 3552 re
500 3493 529 3553 et
544 3486 674 3553 musitio
695 3487 871 3572 56355155,
893 3489 946 3553 coi
959 3487 1031 3553 solu
1045 3487 1218 3553 remedium

81 3594 220 3658 inbuere
242 3595 349 3674 posset
370 3591 531 3656 diuinam
554 3591 665 3675 (possit
687 3591 866 3656 munaus
888 3589 989 3668 codd.)
1022 3591 1132 3656 eadem
1161 3607 1221 3657 uox

84 3697 117 3761 iu
138 3695 324 3762 udmreitm
353 3696 476 3760 mutata
499 3699 557 3760 est.
593 3697 626 3761 in
655 3696 855 3777 sequentibus
877 3697 915 3760 de
937 3694 1045 3760 diuino
1074 3694 1219 3773 coneilio,

81 3803 165 3882 qnod
203 3799 337 3882 contigit
370 3797 529 3877 Ennodio‚
568 3796 681 3882 egitur.
720 3797 760 3862 cf.
793 3817 889 3880 supra
926 3799 963 3863 de
996 3797 1114 3874 4523
1149 3815 1219 3880 pag.

84 3902 184 3968 LVII.
209 3937 253 3950 ·—
275 3900 348 3983 262,
373 3900 413 3965 17
441 3902 571 3966 utinum
599 3899 751 3964 mundior
769 3901 924 3982 professio
951 3900 1063 3965 bubcot
1093 3919 1220 3964 consor·

83 4004 175 4068 dium
206 4023 279 4068 cnm
306 4003 431 4068 secretis
459 4023 515 4068 nec
543 4002 711 4068 diemntint
738 4002 889 4083 splendor
914 4002 1020 4068 cordis
1040 4023 1063 4066 u
1085 4022 1218 4084 corpore.

83 4127 165 4191 quae
188 4125 265 4173 eum
285 4108 478 4190 syllabarum
500 4106 730 4190 permutatione
746 4108 890 4189 corrupta
906 4109 1059 4190 putarem,
1076 4105 1115 4170 ab
1131 4125 1220 4188 opere

82 4211 323 4286 commendaui,
357 4210 411 4275 sed
434 4211 558 4294 integra
582 4215 666 4275 sunt.
703 4227 753 4274 ree
775 4211 917 4276 internae
938 4214 972 4274 et
994 4214 1148 4289 emanue,
1171 4227 1218 4274 ee·

80 4320 172 4382 cna
197 4316 230 4396 (i.
255 4333 279 4379 e.
303 4313 399 4380 anim
421 4315 551 4396 smreta)
583 4317 615 4380 et
637 4313 805 4395 professio,
833 4333 887 4378 cor
917 4319 949 4378 et
979 4331 1108 4394 corpus,
1138 4317 1219 4396 quod
