2934 4934
485 424 721 494 Epistularum
739 425 829 481 libor
846 426 894 481 VI.
1191 431 1251 496 169

123 617 227 695 perat,
258 613 443 679 memoriam
465 613 665 699 obsequentis
686 614 852 701 abieoerit,
884 618 1024 682 attamen
1053 617 1252 699 prouidentia

123 715 268 781 caelestis
295 715 456 783 desideriis
477 717 558 783 meis
579 736 727 803 prospera
749 720 854 784 uestra
876 736 938 786 non
959 719 1079 801 patitur
1101 720 1251 785 oooultari

122 824 156 884 et
177 821 276 885 uariis
297 820 421 887 iodofis
443 837 622 887 snooessnm
644 822 728 887 oiroa
749 838 804 887 uos
827 821 968 906 resignat
991 825 1143 905 optatum.
1171 841 1252 888 nuno

122 924 232 987 tamen
256 922 381 988 animm
402 942 491 989 meus
519 942 618 1007 usqne
637 925 677 991 ed
701 924 759 989 hoo
782 924 977 991 deumotione
998 928 1167 1008 produntus
1191 931 1250 1003 est,

101 1032 157 1089 sut
180 1028 342 1108 proprium
371 1026 411 1091 ad
439 1046 494 1092 uos
522 1027 688 1111 dirigerem
718 1030 923 1112 perlatorem,
955 1031 1008 1111 qui
1036 1030 1118 1095 uiuis
1140 1031 1250 1113 pastus

121 1128 303 1209 aspectibus
325 1128 406 1195 bona
427 1131 467 1194 ad
489 1150 540 1196 me
566 1131 735 1198 manifesta
757 1133 918 1215 perducat.
964 1132 1095 1209 credite,
1124 1133 1250 1215 domini,

120 1251 239 1317 magna
262 1251 313 1297 me
336 1232 424 1297 uobis
447 1251 515 1299 esse
531 1234 722 1317 obligatione
738 1237 941 1299 constrictum
965 1253 1022 1301 neo
1035 1235 1118 1299 ullas
1134 1236 1251 1317 peotori

120 1354 192 1401 meo
214 1336 311 1401 ferias
334 1337 411 1415 dari,
435 1336 549 1420 quibus
573 1340 723 1403 uisionem
739 1342 878 1403 uestram
892 1355 954 1403 non
970 1337 1061 1419 pleno
1078 1339 1251 1404 intentione

120 1440 304 1520 disquiram.
327 1442 479 1521 superest,
503 1443 540 1503 nt
560 1443 690 1507 reducta
711 1440 745 1505 in
768 1440 900 1507 adelesia
921 1440 1062 1505 Romana
1088 1440 1251 1505 oonoordia

87 1541 304 1607 roooourrendi
315 1542 405 1608 nobis
414 1543 578 1624 eontingat
588 1546 715 1610 edessio.
732 1544 854 1609 domine
867 1544 921 1619 mi,
934 1543 1155 1610 salutationem
1166 1562 1251 1608 reue·

120 1646 243 1710 tentiae
265 1649 387 1711 uestrae
407 1646 622 1730 plenissimam
644 1646 751 1711 disens
780 1647 939 1729 deprecor,
962 1652 997 1711 ut
1020 1648 1251 1732 suggestionem

118 1748 282 1831 portitoris
306 1750 439 1815 hominis
460 1749 522 1816 mei
544 1754 634 1833 grato
656 1750 832 1834 suscipiatis
854 1752 965 1817 auditu
988 1752 1019 1815 et
1041 1751 1079 1815 do
1101 1748 1251 1815 soliditate

119 1853 231 1917 uestra
245 1854 298 1918 nel
314 1854 411 1919 totins
426 1857 537 1920 domus
552 1855 638 1919 statu
660 1854 832 1919 recurrenti
848 1873 903 1919 nos
917 1852 1081 1919 instruatis
1104 1850 1250 1934 alloquio.

623 2008 751 2075 XXXV.

83 2136 109 2176 15
481 2126 667 2183 ENNODIVS
691 2128 893 2184 DOMNINAE.

159 2235 252 2299 Inter
275 2250 363 2297 ouras
386 2237 418 2297 et
440 2232 607 2309 molestias,
631 2234 743 2315 quibus
773 2252 828 2316 pro
851 2236 1047 2317 peooatorum
1071 2231 1153 2297 iasoe
1174 2231 1249 2296 sub·

115 2338 207 2413 ioior,
232 2335 311 2419 elegi
332 2336 491 2420 singulare
506 2334 690 2415 subsidium,
706 2340 743 2401 ut
760 2336 798 2400 ad
814 2354 867 2402 uos
884 2337 1012 2400 domnas
1028 2353 1112 2399 meas
1127 2333 1250 2398 litteras

116 2439 324 2517 destinarem,
349 2456 478 2520 quarum
494 2436 638 2519 precibus
661 2440 767 2503 omnia
781 2438 860 2503 mihi
883 2439 1015 2503 secunda
1035 2438 1252 2519 contingerent

117 2547 150 2607 et
179 2543 223 2606 ad
254 2558 364 2606 serena
392 2541 531 2606 laetitiae
561 2541 711 2624 depositis
740 2542 957 2626 angustiarum
987 2539 1123 2605 nubibus
1153 2538 1251 2604 refor-

81 2663 238 2711 sumator.
258 2644 361 2726 prima
384 2644 468 2709 enim
491 2645 642 2709 maeroris
665 2650 838 2729 causaest,
863 2647 941 2727 quod
964 2662 1114 2728 prospera
1136 2646 1250 2718 uestra,

118 2751 201 2813 dnm
222 2746 257 2809 in
279 2746 448 2830 longinquo
471 2746 594 2831 degitis,
618 2749 669 2811 uir
693 2748 784 2812 datur
807 2747 943 2826 agnoaoi,
973 2766 1009 2811 er
1031 2763 1092 2827 qna
1115 2746 1252 2809 nascitur

117 2852 209 2916 eirea
230 2867 393 2931 personam
415 2867 519 2915 meam
542 2852 644 2914 omnis
667 2851 850 2916 aduersitae.
889 2852 994 2915 adeste
1024 2866 1096 2932 ergo
1118 2848 1251 2930 supplici

117 2952 267 3038 precibus
289 2954 415 3030 uestris,
444 2954 481 3016 nt
502 2971 558 3035 per
581 2956 759 3019 sanctorum
781 2954 831 3021 dei
853 2952 1001 3035 suffragia
1029 2968 1122 3034 aegro
1146 2950 1250 3014 animo

115 3058 245 3123 medela
266 3056 433 3122 tribuatur.
452 3055 579 3121 domina
600 3058 655 3135 mi,
679 3057 842 3121 seruitium
859 3054 1056 3121 salutationis
1078 3054 1250 3139 inpendens

83 3166 275 3244 aedepreoor
297 3163 328 3224 et
351 3178 407 3241 per
421 3158 514 3223 deum
536 3178 601 3237 uos,
625 3178 715 3241 quem
733 3159 844 3238 colitis,
868 3158 1015 3237 obtestor,
1038 3164 1074 3222 ut
1097 3158 1251 3225 continuis

115 3284 170 3331 me
194 3262 457 3347 postulationibus
486 3264 518 3327 et
540 3263 695 3340 lacrimis,
724 3262 838 3345 quibus
869 3279 1000 3345 regnum
1030 3261 1162 3326 caeleste
1186 3261 1251 3325 uim

115 3366 259 3451 patitur,
288 3368 412 3430 domino
436 3364 674 3445 commendetis,
709 3364 782 3446 qnia
805 3365 861 3430 hoo
882 3384 996 3430 munus
1019 3364 1155 3447 speoiale
1178 3381 1251 3429 oon-

117 3475 199 3554 puto
223 3474 255 3534 et
278 3466 423 3533 omnibus
446 3468 615 3532 commodis
637 3470 800 3549 antepono.

224 3601 260 3656 as
285 3602 319 3679 er.
337 3601 439 3655 naas.
458 3602 500 3668 11,
519 3600 551 3655 12

170 3720 360 3790 4perdnotus
385 3720 433 3775 Lb
536 3723 669 3791 {spartus
691 3723 719 3776 L
823 3722 1006 3778 ddomineb
1109 3724 1249 3793 Splonum

115 3810 132 3863 b
225 3808 259 3861 10
270 3806 372 3860 domini
383 3806 449 3871 sort.
535 3808 574 3861 mi
586 3808 712 3863 Solottue
724 3816 750 3863 et
764 3808 856 3875 Siros,
874 3808 942 3863 mihi
955 3807 1064 3877 BLVo,
1081 3809 1163 3863 miohi
1179 3810 1205 3862 T

171 3910 282 3968 XXXV.
318 3912 352 3965 15
372 3911 522 3966 dominicae
540 3912 569 3977 b,
596 3912 785 3969 domnianel'
886 3914 918 3969 17
942 3913 1008 3967 dnts
1035 3914 1061 3967 T
1162 3912 1194 3966 18
1212 3910 1253 3964 di·

115 4001 252 4054 stinarem
274 3996 303 4051 Β
406 3998 439 4052 19
463 3998 593 4067 depositis
617 4000 644 4053 L
753 3998 787 4054 20
810 4002 921 4053 meroris
944 3997 1055 4053 BLPV
1154 3997 1186 4051 21
1212 3998 1254 4051 de-

114 4086 192 4156 getis
219 4084 248 4139 Β
361 4084 466 4137 aenosoi
493 4084 520 4137 Β
640 4084 674 4138 22
702 4101 792 4139 omnes
819 4086 846 4139 B
960 4083 1037 4137 adest
1064 4082 1127 4148 Bb,
1162 4082 1253 4137 adesto

115 4174 143 4228 T
249 4168 285 4223 24
307 4168 422 4224 medella
444 4169 491 4236 13¹,
520 4170 625 4224 medelis
649 4171 677 4225 L
780 4171 848 4225 mihi
873 4168 974 4225 BLVb
1079 4168 1254 4223 seruitionum

110 4262 152 4329 Β,
181 4254 328 4311 seruitiab
428 4256 470 4314 25
486 4256 580 4311 soletis
598 4257 626 4311 Β
719 4258 839 4326 optestor
856 4256 884 4311 Β
978 4256 1012 4310 26
1029 4255 1254 4324 postulationibus

110 4347 143 4402 Β
251 4341 393 4397 seelestam
411 4343 451 4396 Βι
555 4341 588 4394 27
608 4358 703 4396 munos
721 4342 761 4396 13¹
