2934 4934
381 377 498 448 Opust.
516 375 554 432 11.
574 376 731 432 Libellus
749 391 808 447 pso
824 377 958 448 syuodo.
1161 378 1234 444 dliii

149 563 245 644 “Quis
268 565 417 648 tempore,
444 580 513 646 quo.
526 563 672 646 pretiosis
693 563 843 630 siccamus
865 563 965 631 ubera
982 565 1146 649 partubus,
1172 584 1233 649 quo

105 667 224 750 prolem
247 669 388 732 ustam
408 669 538 732 aeterua
555 665 697 749 genetrix
712 683 822 731 rursus
838 666 1079 749 parituranuno
1091 668 1233 753 suscipit,

100 771 197 836 ouius
223 775 292 856 post
310 768 681 854 primamuatiuitatom
711 770 901 855 gmudaeuis
922 771 1048 835 letibus·
1062 771 1162 835 aluus,
1175 773 1236 836 im·

101 874 320 958 pletnr‚.qme
340 873 422 939 mibi
443 872 562 957 prolem
582 874 795 958 regenerando
817 874 942 939 dubani
959 873 1039 938 iacit
1053 893 1120 939 mse
1141 893 1236 956 quam

80 979 222 1062 spsperi,
244 983 323 1061 quse
345 980 384 1044 ad
406 995 439 1044 so
461 977 623 1043 uenientes
644 979 770 1042 senium
791 977 880 1044 feeit.
893 995 1005 1043 eruero
1033 977 1128 1042 etad
1148 981 1235 1044 uitae

102 1079 258 1164 principia
279 1079 381 1146 redire
403 1079 590 1158 confractos,
613 1081 683 1162 quis
706 1081 785 1146 bauo
806 1080 1004 1159 felicitatem,
1026 1097 1112 1164 rogo,
1136 1083 1234 1147 iuter·

103 1183 275 1266 pellatioue
308 1185 506 1248 commutat?
543 1183 612 1265 quis
645 1201 700 1265 per
732 1182 919 1249 discordiam
951 1183 1097 1266 uiporiua
1130 1188 1233 1248 mente

102 1288 258 1353 consitam
292 1285 378 1352 aurei
408 1285 486 1350 mibi
519 1284 635 1350 saeculi
666 1285 754 1351 iubet
776 1288 878 1369 perire
900 1284 1075 1352 beneficia?
1107 1285 1178 1370 quis
1202 1286 1235 1352 iu

103 1389 306 1454 renouatioue
329 1404 399 1455 mea
421 1407 564 1456 occasum
587 1388 799 1455 clandestinus
823 1389 958 1473 inspirat
981 1391 1013 1454 et
1027 1407 1081 1473 per
1102 1387 1235 1454 blandae

64 1511 93 1551 ro
104 1492 219 1558 frontis
246 1495 378 1575 speciem
408 1490 584 1557 inimicitiis
616 1492 699 1558 uires
722 1491 884 1575 adquirit?
916 1508 1101 1573 generosam
1121 1493 1155 1558 iu
1176 1491 1235 1558 tali

103 1595 230 1680 negotio
252 1595 428 1678 prosapiem
449 1613 511 1660 uon
534 1611 676 1679 agnosco.
700 1596 730 1660 si
748 1596 801 1678 qui
816 1595 891 1660 sunt
905 1594 1014 1660 tamen
1027 1610 1234 1672 summorum,

102 1717 180 1782 quos
195 1698 311 1764 uilibus
327 1699 524 1780 tempestatis
538 1698 632 1762 huius
647 1698 785 1782 procella
799 1697 942 1774 sociauit,
965 1696 1039 1762 aliis
1055 1697 1235 1763 auctoribus

104 1802 275 1868 facinorum
299 1801 538 1886 participatione
560 1801 771 1867 maculantur.
805 1801 952 1884 splendor
974 1802 1152 1885 sauguinis,
1175 1802 1236 1867 etsi

102 1905 354 1971 communionem
377 1903 545 1970 criminum
568 1905 709 1980 incurrit,
733 1904 835 1968 nescit
850 1906 955 1969 tarneu
971 1904 1081 1969 ducem
1097 1923 1130 1970 so
1144 1923 1234 1987 prae·

64 2024 93 2064 1⁵
103 2009 177 2074 bere
200 2008 409 2090 peccantibus.
445 2007 558 2073 habeat
581 2006 712 2072 forsitan
734 2008 856 2071 reatum
872 2005 910 2070 de
926 2004 1068 2090 neglecta
1081 2007 1234 2088 cautione,

102 2130 164 2176 nou
199 2111 293 2176 habet
326 2112 455 2194 dignum
489 2109 678 2194 supplicium
702 2110 740 2175 de
767 2109 920 2174 scelerum
954 2109 1142 2192 principatu.
1177 2111 1236 2176 sub

105 2213 241 2296 quadam
274 2213 463 2279 uerecundia
501 2212 642 2296 iungitur
675 2213 930 2296 delinquentibus
965 2214 1018 2296 qui
1053 2214 1092 2278 ad
1129 2215 1237 2280 adulta

105 2317 207 2400 iurgia
229 2322 432 2384 conuocatur:
457 2335 517 2382 uon
541 2319 682 2382 meretur
703 2315 951 2397 desperationem
974 2316 1098 2399 perditi,
1122 2316 1235 2399 inquo

104 2421 207 2487 facilis
231 2423 356 2486 tautum
379 2421 547 2487 credulitas
570 2421 765 2503 inprobatur.
800 2439 856 2485 uos
878 2422 981 2502 potius
1005 2419 1112 2498 uideo,
1143 2420 1237 2485 triui-

66 2538 195 2590 ¹⁰orum
227 2525 378 2606 germina,
412 2541 467 2588 uos
499 2542 640 2608 agnosco,
675 2524 708 2588 iu
736 2523 848 2605 quibus
879 2525 1009 2590 naturae
1032 2523 1140 2588 uilitas
1161 2540 1236 2587 cou-

102 2627 268 2692 uenicutes
290 2626 352 2692 sibi
374 2644 476 2692 mores
499 2629 632 2708 peperit,
654 2644 730 2709 quos
753 2625 959 2707 degenerasse
982 2625 1109 2692 claritas
1125 2624 1235 2702 iuerat,

102 2730 159 2813 qui
180 2748 237 2812 per
263 2729 415 2795 mentitae
444 2729 574 2795 titulum
603 2728 763 2813 religionis
794 2730 939 2812 gaudetis
961 2729 1139 2814 inpunitate
1160 2728 1236 2794 uiti·

100 2851 206 2910 orum,
228 2850 360 2915 quorum
383 2831 468 2898 labia
489 2850 661 2915 numquam
684 2837 740 2898 aut
761 2832 914 2898 honorum
936 2850 1030 2916 sapor
1053 2830 1160 2916 tetigit
1181 2835 1237 2895 aut

102 2934 230 3019 quietis,
253 2934 306 3019 qui
329 2935 376 3000 las
399 2952 489 3000 omne
512 2934 627 3019 origini
648 2935 783 3017 parendo
800 2934 937 3014 uiolatis.
961 2953 1037 3017 quos
1052 2936 1090 3001 de
1105 2933 1235 2999 latebris

67 3041 136 3102 soc
158 3036 313 3120 specubus
343 3036 510 3120 productos
539 3055 685 3120 praeseus
716 3055 810 3103 causa
838 3038 1037 3104 monstrauit.
1072 3037 1143 3120 quis
1165 3040 1237 3102 aute

157 3311 339 3380 lpraeciosis
359 3311 470 3368 BLTV
571 3313 700 3368 siccamus
718 3328 770 3368 oea.
788 3312 843 3369 Bos
946 3285 1070 3398 partibus
1088 3313 1150 3378 ΒΤ,
1179 3327 1238 3384 par·

101 3413 248 3470 tibusRm
344 3413 491 3484 dgeuitrix
504 3413 587 3470 ΛΤΒ
682 3413 1037 3485 dgraudsuieABLRTV
1129 3416 1237 3472 fletibus

101 3518 165 3573 Les
268 3518 339 3572 alius
363 3518 391 3574 Β
494 3519 637 3588 imple-tur
660 3521 712 3588 (al
730 3521 812 3587 esca.)
836 3519 864 3573 Β
966 3519 1147 3576 buenieutos
1170 3521 1238 3575 iacit

102 3625 131 3680 T
234 3625 292 3680 uita
310 3625 337 3679 A
440 3626 726 3696 Giuterpellationem
746 3627 803 3683 AB
905 3626 1098 3681 ‘loommittet
1115 3596 1230 3679 Aoum

102 3731 121 3785 8
140 3729 273 3784 consitam
284 3729 391 3798 tempsi,
415 3729 582 3798 conpositam
594 3729 660 3784 libri
751 3730 769 3783 9
786 3727 965 3784 claudistinns
982 3730 1019 3794 B,
1046 3727 1237 3783 clamdestiuus

103 3849 166 3919 BT,
194 3848 391 3905 clandestinum
409 3849 437 3902 A
539 3865 586 3918 per
602 3849 638 3920 b]
657 3849 822 3920 probandae
838 3849 867 3906 Β
971 3848 1004 3905 10
1021 3815 1124 3933 Ῑῐοηᾷίι
1146 3847 1173 3902 V

103 3952 231 4022 adquiret
248 3950 277 4006 Β
380 3951 413 4006 la
430 3952 564 4008 actoribus
585 3954 616 4020 T,
643 3952 753 4008 auribus
770 3952 799 4006 Β
903 3953 937 4008 14
954 3967 1122 4008 communem
1141 3950 1169 4007 Β

105 4056 139 4110 15
162 4054 262 4109 babeat
285 4053 325 4120 Β,
352 4055 434 4110 habet
458 4055 617 4112 Acervo
731 4056 859 4112 forsitan·
881 4057 908 4112 1¹
1022 4055 1055 4110 16
1077 4053 1238 4124 subplicium

105 4141 132 4195 A
237 4141 271 4196 18
288 4139 494 4211 disperationem
513 4140 541 4195 Β
643 4143 676 4198 19
693 4142 839 4197 crudelitas
858 4142 913 4197 Tse
930 4147 957 4197 ot
974 4139 1058 4197 Stes.
1159 4137 1238 4194 tribi-

106 4242 181 4281 orum
198 4227 227 4281 Β
323 4226 359 4281 ΒΟ
376 4226 486 4282 adilitas
503 4227 532 4283 A
626 4227 662 4283 23
678 4227 809 4283 bonorum
826 4229 842 4282 b
939 4227 975 4282 24
992 4242 1096 4282 omnem
1114 4225 1171 4283 ΑΒ

107 4313 141 4370 25
156 4313 278 4386 specibus
295 4315 324 4369 Β
428 4313 573 4386 productus
592 4316 619 4371 Β
721 4332 828 4371 cansam
846 4315 914 4372 BV*
