2934 4934
579 376 696 446 magni
713 373 844 430 Felicis
862 373 997 430 llnnodi

729 565 840 632 VIIII.

588 684 776 742 culinas
796 682 990 742 donumve.

268 792 467 876 Intercepisti
500 791 646 858 nostrum
679 791 782 856 nescio
811 807 903 872 qoem
931 792 1040 854 secuta
1061 785 1235 856 consilium
1279 807 1356 854 nam

226 895 394 983 paruulum
430 899 532 976 tuum,
571 913 663 976 quem
700 893 879 960 studiorum
915 890 1094 959 liberalium
1130 891 1241 958 debuit
1278 910 1355 960 onra

224 1002 413 1087 suscepisse,
446 1003 520 1068 onte
542 997 649 1066 indicii
678 996 890 1064 conuenientis
911 1001 1054 1082 tempora
1074 995 1230 1082 religionis
1253 995 1356 1062 titulis
1377 1011 1391 1053 ⁵

223 1102 393 1190 insignisti.
437 1101 614 1168 ueneranda
642 1100 770 1183 quidem
799 1100 1004 1166 ecclesiastici
1026 1098 1127 1166 forma
1148 1099 1280 1176 seruitii,
1302 1101 1356 1166 sed

223 1227 301 1292 quae
324 1208 363 1274 ad
385 1208 462 1274 duas
488 1207 593 1290 partes
617 1203 760 1270 animum
789 1221 852 1270 non
872 1202 1006 1270 relaxet:
1042 1221 1141 1269 unum
1170 1205 1203 1269 et
1225 1202 1355 1268 difficile

222 1315 283 1379 iter
312 1316 359 1378 est
390 1328 451 1393 quo
480 1311 544 1375 itur
578 1307 618 1376 ad
648 1304 810 1374 Christum
848 1325 904 1372 nec
936 1309 1102 1392 occupatos
1136 1306 1355 1394 multipliciter

223 1415 393 1500 aliqnando
427 1415 479 1480 uia
501 1413 571 1478 arta
593 1411 740 1494 suscepit
779 1413 977 1495 properantes
1001 1413 1040 1478 ad
1063 1429 1096 1476 se
1118 1412 1157 1478 de
1179 1410 1356 1493 disciplinis

223 1517 432 1586 saecularibus
454 1515 566 1582 salotis
588 1515 690 1599 opifex
712 1531 775 1580 non
798 1512 924 1592 refutat,
946 1515 1003 1581 sed
1017 1514 1064 1581 ire
1087 1514 1127 1582 ad
1148 1514 1221 1582 illas
1243 1533 1391 1598 quem-sc

225 1640 321 1706 qoam
343 1621 382 1686 de
404 1635 458 1686 sno
480 1618 581 1685 nitore
603 1636 666 1683 non
687 1617 820 1702 patitur.
842 1615 907 1682 iam
932 1621 960 1684 ei
983 1636 1056 1684 eom
1083 1619 1200 1684 mundo
1227 1621 1356 1684 subtra-

224 1744 326 1803 reras‚
342 1724 452 1790 mundi
466 1722 500 1786 in
516 1741 552 1788 eo
567 1721 727 1788 schemata
742 1738 805 1786 non
817 1721 976 1804 requiras:
991 1720 1137 1788 erubesco
1148 1721 1357 1790 ecclesiastica

222 1827 420 1913 profitentem
449 1823 637 1890 ornamentis
667 1823 878 1889 saecularibus
906 1824 1050 1908 expolire.
1072 1825 1243 1892 adnuerem
1271 1825 1357 1908 quod

222 1948 277 2016 per
297 1929 473 1996 Patricium
505 1929 683 2005 diaconum,
717 1930 873 2009 qnantum
903 1927 970 2009 ipse
1000 1927 1146 2008 assernit,
1168 1928 1355 2010 postulasti:

85 2065 96 2088 ·
223 2035 298 2117 quid
321 2032 459 2117 oportuit
481 2050 552 2096 eom
581 2029 673 2095 aliter
701 2030 741 2095 ad
770 2047 831 2108 me,
854 2047 949 2113 quam
970 2029 1082 2096 diebus
1105 2031 1182 2113 ipsis
1205 2030 1391 2096 inuentuess

223 2139 281 2213 est,
303 2135 478 2200 destinari?
521 2133 549 2197 si
578 2133 727 2200 iudicium
759 2152 865 2198 meum
887 2133 1032 2210 consulis,
1055 2131 1125 2198 nolo
1148 2134 1188 2198 ad
1210 2154 1262 2199 me
1285 2153 1357 2217 per-

223 2237 360 2305 tinentes
384 2238 486 2320 magis
507 2237 620 2301 merito
643 2242 767 2302 sanctos
790 2255 854 2301 esse
876 2254 971 2318 quam
986 2235 1090 2302 titolo.
1114 2257 1189 2303 uere
1212 2240 1357 2304 animum

222 2360 328 2409 meum
357 2341 395 2406 de
425 2339 542 2423 quietis
570 2340 704 2406 statione
733 2340 772 2404 ad
795 2340 1021 2422 cogitationum
1042 2341 1173 2424 pelagus
1196 2341 1356 2425 expulisti.

225 2445 346 2528 suscepi
358 2445 463 2508 tamen
479 2445 536 2510 deo
551 2441 676 2525 auspice
692 2442 853 2526 sanguinis
867 2441 931 2508 mei
946 2443 1121 2508 uernulam.
1145 2461 1229 2508 nnnc
1244 2446 1355 2522 restat,

222 2550 259 2613 ut
281 2543 444 2613 conatibus
477 2545 554 2610 meis
592 2545 682 2610 sanor
716 2545 859 2611 caelestis
892 2543 1035 2610 adrideat
1069 2547 1101 2610 et
1140 2544 1393 2628 neglegentias»

187 2645 190 2650 ’
225 2650 391 2716 hominum
423 2651 492 2733 piae
526 2647 751 2713 moderationis
780 2647 921 2713 obertate
951 2649 1112 2732 conponat.
1159 2646 1297 2727 domina,
1320 2654 1357 2716 nt

224 2769 328 2836 supra,
363 2751 501 2818 salutem
533 2749 675 2816 debitam
709 2750 815 2815 dicens
848 2768 965 2834 precor,
1004 2756 1039 2815 ot
1073 2767 1156 2818 nunc
1194 2753 1358 2834 geminam

227 2855 471 2922 sollicitudinem
494 2872 550 2936 pro
573 2854 715 2936 utrisque
744 2853 896 2936 suscipias
924 2855 956 2917 et
978 2853 1035 2918 deo
1058 2869 1114 2919 nos
1137 2859 1357 2922 commendare

225 2957 364 3025 adsiduis
385 2957 530 3041 precibus
553 2973 614 3021 non
637 2955 778 3022 omittas.

769 3095 809 3160 X.
1365 3115 1394 3156 rs

626 3214 737 3271 Cotto
758 3215 952 3272 ENNODIVS.

268 3319 472 3384 lenocinium
506 3319 564 3398 est,
602 3337 663 3386 non
696 3320 816 3406 gratiae
849 3321 1078 3388 sacramentum
1114 3320 1197 3404 quod
1230 3323 1358 3388 tantum

225 3422 444 3506 praesentibus
467 3422 645 3490 exhibetur:
687 3425 845 3492 amicitiae
874 3424 1037 3492 sinceritas
1067 3429 1099 3489 et
1122 3425 1214 3508 longe
1237 3425 1359 3507 positos

274 3607 368 3664 v1111.
403 3609 420 3663 2
447 3609 573 3664 camollae
600 3610 712 3677 mtto,
743 3611 853 3666 camella
878 3612 936 3667 BP
1046 3612 1065 3669 4
1092 3611 1235 3682 paruolum
1259 3613 1288 3667 Β

222 3695 398 3764 teuscipiaee
415 3696 451 3763 Β,
475 3697 607 3766 suscipere
625 3697 724 3752 M'Vb
828 3698 845 3752 6
862 3698 1051 3754 aecclesiastici
1068 3699 1097 3753 Β
1108 3700 1146 3767 (ct
1156 3700 1196 3754 sic
1208 3700 1226 3754 l.
1239 3701 1286 3766 12)

222 3779 341 3835 seruitiis
359 3780 387 3836 Β
479 3782 609 3838 'lrelaxit
627 3783 655 3837 Β
749 3783 767 3837 8
785 3788 927 3852 occupatus
945 3784 1000 3839 BL
1093 3785 1111 3838 9
1128 3785 1186 3839 uita
1203 3785 1287 3840 Sim

222 3865 447 3954 disciptinas
547 3869 580 3924 is
603 3869 721 3938 expone
742 3869 771 3925 n
876 3869 910 3926 ιι
931 3857 1007 3926 osso
1029 3871 1058 3925 n
1160 3872 1219 3940 spo
1240 3871 1360 3925 musa

222 3971 273 4038 Po,
299 3971 414 4040 ipseruit
431 3971 522 4037 BLV.
551 3973 694 4043 imperauit
714 3973 741 4027 Τ
836 3975 868 4028 15
887 3976 949 4029 istis
965 3975 1031 4042 fort.
1131 3975 1163 4030 ll
1180 3974 1281 4045 magis]
1297 3989 1359 4029 ma-

221 4058 303 4126 gistri
320 4058 347 4112 1.
458 4059 493 4114 18
510 4059 674 4129 cogitatiom
691 4059 738 4126 D,
765 4060 958 4129 cogitationem
976 4059 1004 4115 Β
1113 4061 1147 4116 19
1164 4059 1300 4116 ιιοιιιοιιιι
1319 4061 1359 4128 Β,

221 4143 347 4198 neoniam
358 4143 546 4200 Futsa'oodea
631 4143 666 4200 Β]
682 4147 759 4200 utut
777 4145 805 4201 Β
889 4145 1008 4201 latorB
1093 4146 1189 4203 ituros
1201 4145 1238 4214 Β,
1261 4151 1359 4202 nostro

223 4227 350 4284 nPrVo
451 4229 487 4285 24
502 4231 575 4286 adsis
592 4231 654 4286 duis
671 4231 700 4287 Β
803 4247 857 4287 non
873 4232 910 4303 o.]
929 4231 1095 4303 nomilnatae
1112 4231 1141 4287 L

276 4312 309 4368 X.
343 4315 379 4369 28
396 4315 562 4370 amiticieT
