2934 4934
459 354 699 425 Epistularum
716 352 806 411 liber
823 354 887 411 VII.
1173 358 1233 425 191
1278 430 1281 437 Ι

106 565 202 630 pare
224 545 385 629 gaudet.
419 544 500 610 dona
521 545 629 611 nostru
649 543 809 611 institutio
837 546 904 611 est:
930 564 1035 629 sume,
1063 544 1091 611 ei
1118 544 1233 629 diligis,
1363 610 1372 627 ,

108 667 166 732 uro
188 649 338 733 dogmate
365 648 446 731 quod
474 647 622 715 ioeamur.
659 648 710 715 iao
737 665 841 715 meam
868 647 1053 731 frugiferam
1080 666 1147 713 esse
1169 648 1234 715 lae·

106 750 224 830 titiam
248 751 277 817 ai
298 749 360 817 tibi
381 752 548 834 perpetuae
569 750 767 836 diligentiam
789 749 945 816 uastitatis
967 748 1122 835 indixerit,
1145 750 1233 817 labo·

106 853 194 919 rabit
214 854 249 919 iu
271 851 418 919 nunnus
439 852 505 918 tuis
527 850 647 937 lingua,
670 869 750 935 quae
768 852 860 918 modo
876 853 1033 919 mereetur
1047 852 1081 919 in
1097 854 1234 921 monitis.

86 959 200 1037 susle,
234 956 375 1036 domine,
405 960 438 1021 et
459 958 582 1022 amanti
602 958 640 1023 ut
669 952 794 1033 doetus,
822 954 851 1021 ei
872 972 1008 1033 mereor,
1037 956 1234 1039 sequestrata

108 1060 361 1129 dissimulatione
382 1060 543 1143 responde.

609 1246 730 1315 XXIII.

491 1381 675 1440 uuuonne
693 1380 849 1439 mnu.

146 1505 301 1573 Producit
327 1506 512 1591 magnitudo
534 1508 593 1570 tua
614 1504 797 1588 nuptiarum
818 1503 899 1571 festa
924 1506 1132 1589 temporibust
1160 1508 1235 1573 dum

75 1627 183 1688 oram,
207 1612 247 1675 ad
270 1627 364 1691 quam
386 1612 511 1675 uoaotus
530 1628 575 1688 es,
597 1607 657 1674 sub
678 1608 885 1674 diuturnitate
901 1608 1107 1693 prosequeris,
1130 1609 1232 1675 subito

105 1712 280 1777 nenessitas
301 1712 357 1777 tus
378 1712 464 1777 tauta
485 1712 532 1777 eet
552 1710 748 1777 desiderium
772 1710 886 1793 aliquis
909 1713 1033 1795 negotm
1055 1711 1104 1777 illi
1126 1729 1232 1796 pereu-

104 1815 188 1880 uitar
213 1814 391 1893 inoumbat,
419 1813 460 1881 ad
488 1814 571 1896 quod
600 1812 762 1880 deseendit
790 1814 934 1881 inuitus?
971 1814 1017 1879 sio
1038 1815 1191 1880 redemisti
1213 1834 1232 1881 a

106 1916 284 1983 eustoditao
309 1916 515 1985 beatitudinis
544 1917 725 2003 diligentie,
759 1916 846 2000 quasi
882 1916 1009 2000 prolixis
1039 1917 1232 2001 temporibus

106 2019 278 2098 umnam,
301 2021 435 2105 qualiter
455 2021 674 2087 institueretur
695 2021 831 2087 mosius.
860 2020 992 2105 triginta
1006 2020 1141 2087 folioiter
1162 2020 1228 2089 dies

75 2124 261 2202 satiaruut
275 2128 308 2189 et
322 2127 356 2189 te
369 2124 492 2191 ciuitati
502 2122 683 2211 adhaa<et)
694 2125 773 2190 meis
788 2123 885 2191 oeulis
900 2122 995 2209 longa
1007 2142 1059 2190 me
1073 2140 1232 2193 maoeraus

105 2227 322 2309 annotatione
336 2226 492 2293 subduais.
514 2244 589 2293 uere
604 2226 750 2310 quioquid
764 2226 815 2291 uie
830 2224 942 2293 fauiae:
965 2227 993 2292 si
1015 2227 1130 2307 uixero,
1153 2246 1232 2312 quae

105 2328 165 2394 tibi
193 2329 326 2395 dioeuda
354 2318 460 2409 texui,
493 2347 556 2395 non
588 2330 706 2397 taoebo.
745 2334 852 2397 tumen
885 2328 999 2397 honore
1032 2331 1230 2399 salutationis

105 2434 234 2515 aeoepto
256 2436 385 2517 gustum
405 2436 443 2500 de
464 2433 610 2517 guttulis,
631 2434 669 2501 ut
689 2433 820 2499 tratrem
843 2432 931 2501 deust
946 2453 965 2500 a
980 2433 1087 2513 frate,
1112 2433 1231 2499 direota

106 2536 265 2619 suscipite.
287 2538 434 2603 erubeseo
454 2536 501 2616 tu,
524 2535 599 2617 quia
621 2554 679 2601 uae
700 2554 829 2620 aegrum
846 2535 980 2621 requiris
997 2536 1108 2603 neoda
1124 2535 1232 2622 nupti-

74 2638 211 2706 aalibus
233 2638 352 2705 delioiis
374 2655 452 2722 quae
472 2642 601 2723 ponent
622 2638 785 2705 fastidium
811 2638 952 2706 releuara
973 2637 1172 2705 transmittis

599 2824 738 2891 XXIIII.

468 2961 653 3017 uninomia
671 2960 868 3018 STEPHANO.

151 3083 262 3169 Exigit
283 3104 303 3151 a
323 3104 374 3150 me
397 3085 455 3151 filii
477 3085 650 3151 eommunis
671 3084 814 3150 Marcelli
837 3084 1029 3169 adhortatio,
1061 3102 1154 3167 quom
1175 3102 1232 3149 na-

107 3187 179 3253 tura
192 3187 292 3266 uobis,
307 3187 387 3253 mihi
401 3187 487 3254 dedit
507 3187 649 3268 effeetus,
663 3193 701 3254 ut
715 3191 754 3254 ad
771 3188 948 3271 sumptionis
964 3190 1072 3255 munia
1085 3189 1230 3273 praeuius

76 3290 296 3374 »adspirarem
326 3294 358 3357 et
379 3290 528 3358 eolaoium
555 3292 745 3372 litterarum,
778 3311 833 3375 per
854 3292 937 3375 quod
959 3292 1100 3357 uetustas
1130 3291 1231 3358 uoluit

108 3392 266 3459 absentiae
286 3392 332 3459 uil
353 3395 459 3471 liuere,
482 3412 587 3461 amore
609 3396 709 3461 uiutus
724 3395 936 3478 iuueniorem
958 3396 1023 3461 iam
1044 3393 1138 3461 debes
1151 3394 1231 3459 mihi

109 3494 264 3579 duplioem
278 3496 424 3581 gratiam,
438 3497 497 3562 etsi
512 3514 661 3581 responsa
675 3498 860 3577 restitueris,
887 3496 925 3563 ob
940 3497 999 3563 hoa
1014 3500 1094 3581 quod
1109 3497 1229 3580 primus

156 3734 306 3790 llaetitia
330 3734 358 3789 Β
459 3737 477 3789 a
503 3734 606 3821 indta?
635 3735 661 3790 Τ
760 3734 931 3805 trespoude]
955 3734 1018 3790 duit
1041 3734 1105 3791 odoi.
1125 3735 1153 3790 Β
1169 3752 1229 3805 emp.

106 3837 141 3876 sa
159 3838 212 3880 raa

155 3926 260 3983 xxm.
295 3926 442 3998 m
458 3927 566 3982 23-29
582 3940 634 3982 om.
651 3924 731 3982 ΜΨ
828 3926 846 3980 8
866 3924 990 3993 maximo]
1009 3939 1102 3979 uersus
1119 3922 1184 3979 odd.
1201 3922 1229 3977 Β

107 4028 165 4084 ap.
182 4033 216 4071 aa
233 4032 288 4072 roa.
391 4016 427 4071 12
451 4013 588 4070 inoombat
612 4012 640 4068 Β
743 4012 875 4069 distendit
902 4012 929 4066 Β
1031 4010 1066 4065 14
1092 4009 1228 4065 dedioissis

107 4098 135 4153 Β
222 4102 256 4156 15
272 4102 310 4171 at]
328 4099 454 4155 dadino
471 4099 500 4155 Β
516 4098 788 4155 manuciolum
882 4099 910 4151 et
926 4094 1031 4163 addidi,
1050 4108 1099 4151 osa.
1116 4094 1160 4152 Bt

107 4185 385 4256 ldquaoB,quit
488 4182 701 4255 lilguttulisB
802 4181 1000 4238 mundun

155 4290 273 4347 mun
308 4290 343 4346 25
360 4288 534 4345 itterarumb
604 4322 610 4335 ·
637 4287 832 4357 uoluitBon.
850 4288 915 4354 rao.)
933 4286 964 4353 t,
991 4284 1127 4341 uoluetB
