2934 4934
1138 423 1233 471 LXXV

99 599 297 680 corrumpat,
334 598 533 670 accusatione
569 601 720 662 creatores
752 597 946 679 reponendus
980 599 1037 660 eet.
1080 598 1233 660 creatores

91 702 242 784 patriam
265 719 337 782 opes
359 701 468 782 copule
485 719 546 766 nou
562 700 730 781 coniunxit,
753 703 792 766 ut
816 699 887 780 133,
912 700 950 764 17
974 697 1053 781 aoid
1074 700 1232 762 mercatae

91 824 236 887 persono
250 821 349 868 cauea
363 803 567 884 procimitae,
591 804 663 882 221,
680 805 699 869 8
722 805 798 870 eido
813 805 843 869 si
856 807 1039 874 otereaatar
1052 823 1074 866 a
1089 801 1234 884 retiqiaeo

95 907 169 974 berre
197 911 275 972 reato
304 905 451 987 locupleti
479 907 593 972 taaart
623 906 691 980 ieta
715 927 796 988 occec
813 905 960 989 praetuli
982 909 1014 970 et
1036 906 1178 988 exempla
1199 907 1232 970 in

94 1014 158 1077 iud.
182 1029 208 1076 s.
231 1009 405 1093 oeyaetctoa
431 1011 573 1078 collecte.
611 1009 800 1075 uocabulum
822 1015 929 1075 eutem
952 1012 1073 1074 creator
1094 1027 1149 1092 pro
1166 1027 1231 1088 pa-

96 1118 181 1179 rente
203 1113 355 1178 sollemne
379 1114 434 1190 est,
467 1113 506 1178 cf.
529 1113 593 1178 iud.
617 1131 642 1177 e.
666 1116 794 1178 creator.
817 1149 860 1160 -
881 1111 957 1190 221,
982 1111 1021 1176 17
1044 1131 1124 1192 qaae
1145 1111 1232 1174 caim

95 1216 274 1282 recordatio
294 1219 471 1296 potestesse
488 1217 702 1300 peccantiam,
725 1215 792 1280 crisi
805 1215 936 1281 occultis
950 1215 1119 1280 itineribus
1133 1215 1229 1295 fauor

94 1321 236 1386 caelestis
250 1323 393 1401 operetar
407 1323 435 1384 et
450 1339 513 1402 per
527 1320 618 1386 atara
633 1319 789 1384 meatibac
805 1321 1002 1400 imperatam
1018 1319 1230 1402 (caecicatam

93 1427 196 1506 codd.)
215 1443 295 1504 quaa
304 1425 437 1504 propter
445 1428 579 1503 peccata
593 1423 754 1506 subrepere
761 1427 887 1504 poterat
901 1422 1083 1488 etimiaotar
1100 1421 1228 1486 obliuia.

94 1531 172 1595 haec
193 1527 312 1592 insulse
334 1527 500 1592 uerborum
523 1527 701 1594 coniunctio
715 1525 807 1590 aiam
829 1525 984 1592 meateiras
1006 1525 1170 1606 iaspirare
1192 1543 1231 1588 ne

93 1635 125 1699 in
155 1632 216 1696 hoc
245 1629 384 1712 quidem.
404 1629 556 1710 scriptore
589 1629 716 1694 ferenda
743 1634 799 1694 est.
839 1634 911 1712 epte
934 1632 1041 1696 eutem
1065 1629 1230 1710 insperata

10 1797 11 1802 ,
93 1737 147 1800 uie
177 1733 302 1810 dicitur,
333 1751 404 1796 curu
435 1731 636 1798 nullomodo
660 1732 850 1800 obliuionem
873 1733 1035 1798 subletum
1057 1731 1097 1796 iri
1120 1748 1229 1813 peeca-

10 1903 11 1912 ,
93 1845 179 1903 tores
197 1853 322 1920 sperare
344 1837 480 1916 possent
513 1836 597 1902 idem
613 1839 761 1902 mendum
785 1836 810 1900 B
833 1838 866 1901 iu
882 1833 1033 1900 uocabulo
1047 1837 1229 1916 insperatae

10 1933 12 2014 t
93 1939 168 2024 155,
199 1937 253 2004 25.
281 1937 355 2016 276,
388 1937 425 2003 17
455 1942 589 2022 praebet.
612 1976 655 1986 -
677 1939 750 2014 235,
781 1937 800 2003 7
829 1958 950 2020 seraper
976 1942 1005 2002 et
1030 1937 1081 2002 trie
1102 1937 1230 2020 acidam

89 2044 230 2110 taretia
252 2043 336 2107 iater
358 2043 477 2122 lepores
498 2040 615 2108 cubilia
642 2042 797 2124 deliyebas
822 2041 989 2124 (diteoibae
1010 2043 1046 2116 B,
1074 2041 1229 2125 ditiyebcs

89 2147 188 2228 rell).
221 2150 261 2212 cf.
284 2143 359 2226 387,
380 2145 424 2210 22
451 2147 488 2208 ia
518 2145 575 2212 oce
605 2145 656 2210 aa
685 2145 830 2226 {amatas
851 2147 953 2212 sedem
973 2145 1085 2228 deiecit
1108 2145 1169 2231 (sie
1190 2145 1226 2225 P,

10 2303 11 2334 ἢ
87 2251 202 2334 dilicit
225 2248 377 2331 BLTV).
399 2285 435 2296 -
457 2249 529 2330 243,
555 2250 570 2313 1
595 2269 651 2315 aas
674 2251 795 2316 sotaeio
815 2251 907 2316 rebus
927 2249 1114 2332 irrpeaditic
1137 2270 1159 2314 a
1181 2269 1229 2314 me

10 2335 12 2352 ’
86 2360 183 2421 aaa
210 2353 311 2436 (cenat
332 2351 448 2434 LT‘V,
471 2353 576 2418 dacis
599 2351 648 2437 T2,
671 2357 786 2423 termae
808 2355 847 2436 B)
872 2355 1028 2420 sermonis
1043 2353 1229 2436 postulator

86 2455 267 2523 auxilium.
301 2473 404 2520 rerum
426 2455 578 2522 auxilium
601 2456 768 2539 opponitur
789 2458 822 2523 et
836 2459 998 2541 sermonis,
1020 2457 1103 2539 quod
1117 2460 1228 2540 suepte

86 2567 207 2628 ueture
228 2559 321 2625 elteri
344 2558 451 2624 cedere
473 2559 575 2638 debet,
599 2560 666 2626 siue
690 2578 709 2624 e
730 2561 800 2627 uiro
822 2562 949 2643 potente
972 2561 1038 2627 siue
1055 2560 1094 2626 eb
1116 2562 1227 2646 exiguo

86 2668 283 2749 praestatur.
299 2699 341 2710 -
355 2662 429 2740 275,
456 2659 494 2728 18
516 2666 622 2745 arctoe
640 2664 756 2746 (aratis
772 2664 870 2742 codd„
891 2665 1017 2746 oratioe
1037 2683 1068 2746 p,
1088 2663 1228 2748 aradum

86 2765 201 2849 Sirm.)
225 2765 364 2846 referam
393 2767 450 2848 aeci
478 2767 601 2848 eaecepi
624 2763 767 2849 officiam
795 2767 974 2834 taedam
996 2788 1042 2832 aa
1063 2771 1227 2850 arreptam

79 2871 333 2954 praeconiorum
361 2875 487 2936 tuorum
516 2871 577 2936 iter
602 2872 795 2956 iaqrectior?
825 2891 886 2938 uon
914 2872 998 2939 euim
1026 2890 1060 2936 ee
1088 2873 1154 2953 ipee
1175 2871 1226 2935 iu·

84 2975 240 3058 terrogat,
264 2991 339 3039 nuru
362 2973 471 3040 leudes
495 2975 632 3059 inceptos
653 2977 798 3059 persequi
816 2993 854 3040 uu
876 2978 1036 3060 arreptum
1053 2975 1113 3040 iter
1128 2974 1226 3040 relin-

84 3097 183 3160 quere
215 3073 340 3160 debeet,
369 3078 425 3144 eed
454 3079 487 3144 iu
514 3077 730 3162 preedieendie
752 3079 936 3146 Theoderici
963 3079 1056 3146 fectis
1079 3079 1170 3144 tante
1198 3080 1226 3144 ei

85 3181 204 3247 merite
226 3180 310 3260 regie
332 3180 400 3244 uisa
422 3185 504 3257 suut,
536 3184 572 3246 ut
594 3182 733 3248 incertus
755 3183 883 3251 haereat
903 3201 946 3248 eu
966 3202 1028 3250 nou
1050 3182 1225 3267 gratiarum

84 3287 209 3352 accione
232 3284 338 3366 potius
360 3301 454 3365 quem
475 3283 655 3353 laudatione
677 3303 755 3367 opus
776 3288 828 3352 sit.
843 3286 976 3368 -284,
994 3287 1034 3352 19
1055 3287 1088 3351 in
1103 3285 1227 3369 gladie·

83 3388 177 3454 toriie
202 3385 299 3463 ludis,
329 3385 442 3467 quibus
464 3387 552 3469 plebs
576 3387 726 3454 diuturne
747 3405 823 3470 peoe
844 3407 985 3472 possesse
1007 3390 1083 3471 quid
1103 3389 1139 3454 in
1160 3389 1226 3454 ecio

83 3492 251 3577 gereretur
278 3489 477 3574 intellegeret
503 3490 632 3572 salotis
653 3491 804 3558 marcitae
831 3492 958 3573 frastra
980 3493 1091 3557 eoaeia
1113 3493 1225 3557 mortis

82 3593 204 3672 (sociae
241 3595 360 3660 mortes
397 3593 498 3676 codd.)
545 3593 770 3677 iacerebaatar
805 3597 954 3676 waraei.
1006 3599 1091 3664 certe
1124 3595 1226 3662 sectae

84 3702 211 3778 mortae,
235 3699 273 3760 ut
294 3695 483 3782 gladiatores
500 3696 712 3769 Romanorum
726 3696 975 3782 eeciirdicoutur,
997 3701 1226 3783 prosectarum

83 3805 199 3866 mortes
234 3797 304 3866 eine
338 3800 479 3883 exemplo
510 3802 568 3868 esc
605 3802 718 3868 saaca
750 3803 861 3868 mortis
891 3804 978 3873 idem
1011 3804 1097 3870 ualet
1131 3807 1226 3887 etque

83 3907 219 3972 cucata
243 3901 338 3981 accis,
366 3920 445 3986 quoe
466 3903 567 3987 figure
589 3904 714 3974 dicendi
736 3923 831 3988 quem
854 3909 894 3973 eb
917 3907 1057 3975 Eunodio
1079 3909 1226 3974 edemetc

82 4009 136 4086 sit,
160 4006 356 4089 exemploru
374 4008 475 4078 indice
497 4026 527 4090 p.
544 4007 608 4074 639
623 4012 770 4095 aegea
781 4011 906 4079 docent.
922 4047 966 4059 -
980 4009 1054 4091 321,
1070 4009 1114 4081 20
1130 4010 1225 4093 (caeti

80 4112 189 4196 coria)
222 4109 310 4176 aroc
337 4111 375 4176 ia
397 4109 458 4182 etto
478 4111 634 4179 decteioae
659 4113 822 4196 (aeteae
844 4115 889 4191 B,
916 4115 1099 4182 decimare
1120 4114 1223 4194 LTV,

79 4212 276 4280 discessione
297 4213 377 4296 AB)
408 4219 533 4284 attolae
554 4235 586 4282 ee
610 4217 749 4298 aeccle
770 4220 803 4284 et
825 4218 898 4296 429,
924 4219 965 4284 14
991 4238 1088 4299 qaam
1105 4221 1224 4286 arcta

78 4321 126 4382 eet
148 4317 189 4382 da
210 4315 310 4384 heae
330 4319 518 4384 concocta
527 4322 1009 4402 reraeeeoccaoeadoeieiaacm
1027 4322 1225 4405 (dicicioaem
