2934 4934
445 428 447 435 J
573 350 692 406 Dictio
715 340 770 406 m.
1176 352 1243 419 435

100 544 260 610 credimus
283 543 424 609 euenisse
447 542 501 608 sed
524 543 664 625 praemii.
695 540 775 607 alios
796 540 886 626 uulgi
908 559 984 607 aura
1006 541 1110 626 gratia
1124 542 1242 609 lenoci-

100 648 197 713 nante
220 648 434 715 commendat:
464 646 524 713 tibi
546 646 652 731 rigida
672 645 757 711 oica
779 643 953 727 culpabiles
975 644 1132 711 districtio
1155 646 1244 711 dedit

98 750 259 817 affectum.
282 752 392 816 manet
413 750 445 814 te
460 748 632 832 singularis
655 748 824 832 sapientia,
848 748 1029 831 quaelicet
1050 752 1243 833 generaliter

99 852 241 935 optanda
269 854 331 932 est,
366 856 473 919 umen
507 852 615 917 existit
644 854 677 917 in
711 852 864 935 magistro
893 853 1079 919 necessaria
1124 854 1243 921 flustra

77 956 269 1022 amonitoris
284 974 450 1039 personam
468 954 600 1039 suscipit
616 954 670 1038 qui
685 954 804 1039 inpasti
819 973 881 1020 nou
895 956 1059 1039 praeualet
1074 956 1242 1023 aestimare

97 1062 224 1142 pondus
238 1059 347 1127 officii:
363 1059 529 1126 uilissimis
542 1059 755 1142 conparandus
768 1061 826 1138 est,
842 1058 904 1123 uisi
915 1057 1087 1143 praecellat
1096 1059 1241 1140 scientia,

98 1165 155 1246 qui
179 1164 228 1228 est
250 1162 364 1229 honore
385 1163 603 1247 praestantior.
628 1161 715 1229 dedit
737 1162 798 1228 tibi
819 1162 942 1247 apicem
963 1178 1019 1226 res
1035 1162 1155 1246 iudiod,
1178 1180 1242 1229 uon

99 1266 238 1333 fauoris:
255 1268 368 1353 dignus
380 1264 532 1352 pontifice
543 1284 631 1333 amor
643 1268 691 1333 cst
707 1285 804 1350 quom
817 1282 950 1332 oenum
965 1264 1128 1331 mouet:
1145 1266 1242 1332 deue-

97 1372 211 1436 uustat
231 1370 423 1437 institutoris
445 1370 575 1455 genium
598 1372 654 1455 qni
674 1388 729 1453 per
746 1370 848 1436 solam
863 1370 1001 1455 gratiam
1015 1369 1089 1434 uult
1109 1368 1242 1454 piaome.

65 1498 90 1537 ιο
99 1476 135 1539 tu
158 1474 209 1539 his
234 1474 376 1541 eruditus
400 1478 432 1540 et
447 1475 600 1541 formatus
624 1474 705 1539 caeli
720 1472 879 1539 boneficiis
894 1473 967 1557 plus
982 1474 1106 1556 agendo
1118 1473 1243 1555 plebem

98 1576 245 1643 instituis
268 1596 363 1661 quam
378 1580 541 1665 loquendo.
564 1577 621 1643 illa
637 1578 757 1644 monita
774 1576 1000 1659 discipulorum
1018 1578 1242 1643 conscientium

99 1682 286 1759 eruderant,
314 1698 395 1763 quae
418 1680 608 1765 praebentur
630 1680 788 1765 exemplo:
819 1680 885 1746 sine
915 1680 1040 1763 pudore
1061 1679 1179 1746 inuitat
1201 1682 1241 1746 ad

99 1784 315 1850 innocentiam
339 1783 393 1869 qui
415 1784 505 1850 illam
526 1802 588 1849 nou
604 1784 700 1849 fuerit
715 1786 782 1868 ipse
798 1786 946 1850 soccatus.
970 1783 1003 1848 te
1019 1784 1102 1849 iuter
1120 1786 1242 1850 socrum

99 1888 311 1971 penetralium
334 1889 423 1972 quasi
447 1888 560 1955 testem
583 1888 729 1953 metuunt
753 1887 807 1970 qui
822 1904 948 1971 peccare
970 1888 1160 1969 disponunt:
1182 1906 1241 1953 aa·

66 1990 262 2057 accentibus
291 1993 394 2076 culpis
416 1996 520 2058 metus
542 1994 574 2057 et
596 1992 775 2057 reuerentia
797 1994 855 2057 tua
877 1995 973 2076 nogat
995 1991 1156 2056 effectum.
1187 1992 1241 2073 qm

99 2096 186 2161 inter
213 2096 338 2183 exordia
365 2098 485 2162 occurit
513 2096 615 2176 uitiis,
649 2100 682 2161 et
712 2096 907 2163 occasionem
936 2094 1042 2178 lapsus
1073 2094 1188 2161 adimit
1209 2097 1241 2159 ot

99 2198 371 2283 concupiscentias
393 2200 507 2283 purgat
530 2200 699 2265 auctorem.
746 2200 824 2265 haec
845 2199 1036 2267 beatitudini
1056 2200 1130 2262 tuoe
1152 2199 1241 2281 quasi

98 2302 237 2367 strictim
259 2321 315 2385 pro
330 2302 459 2387 liuguae
474 2318 561 2367 meae
578 2302 850 2368 commendatione
870 2301 1021 2368 dedicari.
1044 2303 1078 2380 si
1094 2300 1240 2383 precibus

98 2405 162 2470 tuis
193 2406 278 2470 uitae
309 2422 470 2472 successus
504 2404 669 2490 adriserit,
707 2408 874 2490 gestorum
900 2408 1026 2470 tuocum
1062 2406 1157 2487 plena
1189 2424 1240 2471 me

66 2507 250 2575 prelatione
288 2510 493 2590 consecrabo,
539 2515 576 2576 ut
613 2527 692 2593 quae
729 2510 884 2576 uniuersis
921 2512 999 2575 uota
1033 2508 1109 2573 suut
1148 2527 1239 2576 man·

98 2613 179 2677 suris
207 2612 243 2677 iu
270 2616 429 2695 posterum
458 2612 591 2699 litteris,
621 2616 775 2697 quatenus
802 2613 938 2699 gaudeat
968 2612 1055 2678 aetas
1083 2614 1238 2693 secutura,

98 2719 276 2782 seruentur.

149 2988 163 3043 1
193 2989 378 3055 enatemus
401 2989 516 3057 inrue.)
549 2988 576 3043 V
679 2989 776 3059 premii
804 2989 894 3047 BLV
992 2990 1068 3047 alios
1090 2990 1139 3056 T’,
1168 2990 1240 3047 alim

98 3072 281 3140 ΔΒΒΝΙ),
309 3074 371 3131 abis
388 3074 418 3134 Β
520 3091 566 3131 ara
583 3076 625 3141 Δ,
652 3074 710 3133 aria
727 3075 757 3133 Β
859 3076 877 3131 2
900 3076 1102 3133 commendatur
1123 3076 1170 3132 Pb

99 3159 177 3230 circa]
197 3175 261 3215 curn
281 3162 307 3215 T
403 3160 546 3231 culpabilis
564 3161 592 3215 Β
691 3162 829 3219 districtio
852 3162 878 3216 V
893 3164 925 3217 in
942 3178 998 3217 roo.
1102 3162 1239 3231 timaret]

97 3262 188 3316 munit
206 3264 273 3331 sort.
365 3248 388 3319 ‘o
404 3264 432 3319 B
521 3264 683 3320 ibonorem
701 3264 728 3319 L
815 3268 979 3336 prestantior
997 3264 1025 3321 Β
1116 3263 1240 3336 8pouti·

98 3346 140 3403 fici
157 3348 226 3415 sort.
336 3366 446 3405 censure
465 3352 495 3407 R
605 3351 827 3407 tinstitutionis
845 3351 892 3407 Pb
1002 3351 1050 3421 qni
1068 3350 1096 3407 Β
1112 3352 1170 3407 aL

98 3436 131 3489 10
154 3435 288 3506 aneclitus]
313 3438 438 3493 conditus
462 3438 544 3493 dista.
648 3439 782 3494 benificiis
802 3440 831 3495 Β
934 3439 1042 3508 plebem
1067 3440 1125 3504 Bb,
1154 3452 1239 3508 popu·

97 3521 153 3576 lum
177 3523 235 3591 rell.
341 3524 373 3579 11
396 3525 520 3580 instituis
539 3524 633 3589 Sirra„
666 3526 795 3581 institues
817 3526 883 3581 libri
985 3525 1094 3580 munita
1113 3524 1168 3581 ΕΒ

98 3608 263 3663 couscientia
280 3609 310 3667 Β
413 3612 447 3665 12
470 3611 625 3665 erudierant
648 3610 750 3667 AM*
851 3612 997 3682 probentur
1014 3612 1056 3678 Β,
1083 3610 1239 3680 probantur

98 3694 168 3748 cossi.
197 3694 328 3751 Bobottccs
430 3698 464 3751 13
490 3699 590 3767 uon]fl
612 3698 654 3764 Β,
681 3714 732 3753 om.
758 3698 785 3752 Τ
886 3698 927 3754 15
946 3698 1077 3753 esaum
1099 3696 1166 3753 ΒΤι

100 3779 132 3833 16
159 3780 297 3836 scordium
325 3782 361 3837 R·
463 3783 570 3853 lapsum
595 3782 625 3840 Β
733 3784 837 3840 adimet
862 3786 890 3839 B
942 3824 948 3836 .
1004 3782 1038 3837 17.
1065 3788 1173 3837 auctore
1202 3781 1239 3849 Β,

98 3870 215 3921 actorem
241 3869 273 3922 Β
366 3868 536 3925 beatitudine
559 3868 587 3925 Β
692 3872 729 3926 l&
747 3871 869 3927 mittin
887 3871 937 3939 (im
954 3873 988 3926 in
1005 3874 1080 3935 raab
1093 3870 1132 3936 Τ,
1159 3867 1239 3923 stria·

98 3954 155 4005 tam
173 3952 201 4008 L
303 3956 338 4010 it)
360 3954 525 4011 mantione
543 3956 572 4013 R
676 3955 835 4012 consecrabo
855 3958 897 4012 B*
1000 3960 1085 4012 uota·
1103 3956 1143 4022 B,
1170 3958 1239 4009 natu

98 4040 154 4178 “AM
183 4125 216 4179 D
239 4040 271 4097 21
300 4040 431 4111 quatinus
459 4038 573 4099 BRN
684 4046 760 4098 actae
786 4042 815 4098 Β
935 4042 970 4097 12
996 4043 1147 4111 aerumma]
1174 4042 1240 4097 fluit
