2934 4934
372 421 488 492 Opusa.
506 419 545 477 Π.
565 419 722 477 Libellus
741 438 797 491 pro
815 422 950 491 synodo.
1161 421 1223 491 30⁹1

94 613 196 696 magis
231 611 403 695 expectatio
437 631 530 696 quam
563 612 649 678 iixror
682 610 848 678 euocauit?
882 611 1088 696 quisquamne
1116 611 1155 677 ad
1176 613 1225 678 in·

94 716 258 782 ferendam
289 715 473 782 uiolentiam
504 735 628 781 currens
656 713 801 781 lacrimas
834 713 964 782 comites
986 714 1083 781 babet
1113 717 1143 779 et
1172 717 1229 798 qui

93 819 206 885 studet
229 811 295 884 esse
319 817 477 884 formidini
493 818 618 884 uultum
633 817 776 884 timentis
798 817 957 884 ostendit?
981 818 1153 884 multitudo
1167 817 1226 884 illa

93 925 205 989 iuncta
236 921 402 988 sacerdotis
431 921 541 988 officiis
565 919 681 987 adtulit
704 920 744 986 ad
765 939 822 987 nos
850 921 1002 998 lamenta,
1031 938 1092 986 non
1114 906 1224 1001 iacula

72 1045 153 1092 aneo
184 1027 272 1091 uenit
300 1026 371 1117 telis
402 1025 521 1100 minax,
553 1025 607 1092 sed
629 1023 754 1091 fletibus
777 1023 985 1102 miserabilis,
1015 1040 1079 1088 una
1100 1023 1225 1089 tantum

93 1116 307 1194 intentionem
341 1130 478 1194 uestram
512 1129 717 1195 ostentatione
753 1129 936 1212 granatum,
972 1129 1045 1210 quia
1078 1127 1224 1192 uberibus

95 1231 263 1298 oculorum
284 1230 466 1298 fluminibus
482 1233 720 1312 demonstrabat,
745 1249 839 1318 quam
854 1233 937 1297 esset
952 1249 1008 1313 per
1022 1230 1226 1297 acerbitatem

93 1338 240 1402 uestram
269 1333 407 1401 condicio
438 1335 569 1401 dolenda
589 1335 723 1420 pulsati,
755 1337 787 1399 et
808 1335 841 1399 in
864 1333 1035 1400 sobrietate
1057 1331 1225 1399 uenerandi

94 1437 252 1503 examinis
288 1437 465 1504 adflictione
498 1437 623 1522 propria
656 1435 897 1503 commendabat
931 1452 1024 1518 quem
1056 1453 1130 1501 uoce
1164 1453 1223 1503 non

59 1542 229 1624 nopoterat.
267 1538 321 1604 sed
351 1539 472 1605 habetis
500 1537 704 1606 manifestum
734 1559 770 1606 ex
797 1538 856 1606 hac
884 1559 916 1605 re
941 1539 995 1622 qui
1017 1535 1116 1604 bilem
1139 1539 1225 1605 furor

93 1645 257 1726 accendat,
279 1643 353 1726 quia
373 1661 469 1725 paene
492 1641 654 1708 absolutus
676 1643 716 1709 ad
734 1641 852 1709 indicia
873 1643 970 1721 uenit,
994 1657 1050 1724 pro
1064 1660 1124 1726 quo
1140 1641 1224 1707 orbis

93 1747 292 1834 inlacrimat,
322 1750 353 1811 et
381 1748 457 1811 dum
480 1745 572 1810 rebus
595 1749 780 1812 extraneam
801 1745 836 1810 in
857 1747 1052 1830 praedictum
1072 1746 1224 1812 inuidiam

93 1867 240 1916 sermone
275 1847 439 1932 colligitis,
475 1849 632 1930 paulisper
662 1848 856 1914 reuerentiae
884 1850 1007 1914 nostrae
1037 1849 1091 1914 diu
1120 1849 1224 1917 ceruix

92 1953 233 2040 superba
248 1953 457 2019 submittitur.
480 1969 602 2016 sacram
619 1952 702 2017 enim
715 1952 987 2038 congregationem
1002 1958 1078 2020 tunc
1093 1954 1222 2034 uocatis,

57 2057 222 2142 nequando
246 2055 447 2121 extinctorem
476 2056 619 2120 nostrum
642 2053 863 2136 Symmachum
892 2055 990 2120 uultis
1019 2055 1168 2138 adserere,
1192 2063 1223 2123 et

93 2161 218 2228 crudeli
240 2158 358 2244 pietate
381 2158 492 2224 honori
514 2162 621 2222 nostro
643 2158 762 2242 putatis
781 2157 959 2225 adcrescere
981 2160 1063 2242 quod
1084 2161 1223 2228 residens

93 2265 127 2329 in
151 2261 356 2330 ecclesiarum
379 2280 449 2326 arco
472 2261 652 2347 perdiderit.
684 2279 738 2326 nos
753 2258 816 2326 ista
832 2278 893 2325 non
916 2262 1018 2328 solum
1040 2281 1103 2329 non
1124 2266 1223 2329 sensi-

92 2386 183 2448 mus,
219 2367 273 2432 sed
308 2365 431 2431 diuersa
452 2365 622 2430 sentimus:
657 2364 696 2430 ad
725 2363 804 2431 alios
832 2366 933 2449 magis
960 2365 1079 2432 tutelae
1101 2369 1223 2434 nestrae

92 2459 219 2536 uenena
253 2471 436 2535 conuertite.
480 2487 542 2534 non
574 2468 668 2534 habet
708 2469 922 2534 testimonium
961 2470 1130 2536 defensoris
1169 2472 1224 2554 qni

59 2572 286 2658 xorepugnanti
314 2569 457 2656 inpendit
488 2573 548 2636 oris
573 2572 769 2654 obsequium:
804 2573 906 2654 perdit
928 2589 1023 2654 quam
1045 2589 1111 2637 esse
1133 2576 1223 2656 putat

93 2675 238 2743 beneficii
268 2677 405 2760 gratiam
439 2675 492 2758 qni
525 2674 644 2758 aliquid
672 2675 812 2758 praestat
841 2673 957 2752 inuito,
993 2677 1066 2758 quia
1094 2679 1224 2743 nonest

94 2798 210 2847 munus
233 2780 293 2846 nisi
317 2777 398 2861 quod
420 2779 500 2843 uelis
524 2763 689 2860 accipere.¹

137 2897 233 2966 Nunc
255 2900 347 2984 longa
370 2918 432 2964 non
456 2917 531 2982 opus
555 2901 603 2964 est
626 2897 836 2965 admonitione
857 2899 920 2964 iam
947 2900 1094 2980 perditis:
1117 2900 1222 2967 odium

93 3003 246 3070 debemus
269 3003 363 3086 operi,
388 3003 424 3068 de
447 3003 535 3066 cuius
558 3001 622 3066 iam
639 3019 701 3066 non
717 3003 858 3085 superest
874 3002 955 3086 quod
970 3003 1133 3069 damnetur
1148 3023 1221 3070 auc-

60 3105 225 3174 aetoribus.
260 3103 429 3170 mulierum
447 3105 556 3170 turbas
572 3104 716 3170 adseritis
734 3106 860 3171 urbanis
876 3106 1030 3170 coloribus
1046 3127 1117 3172 cum
1132 3106 1249 3190 prae-l

94 3210 161 3276 lato
183 3209 224 3273 ad
246 3207 368 3277 iudicia
384 3208 574 3287 conuenisse,
598 3209 631 3274 et
645 3207 702 3276 ille
724 3209 831 3274 uestra
851 3207 1029 3275 subtilitate
1046 3211 1223 3277 ostenditur

93 3330 186 3379 sexus
216 3311 270 3394 qui
299 3309 450 3376 maiorem
480 3309 617 3376 antistiti
640 3309 801 3377 debuisset
823 3309 977 3380 meatum.
996 3305 1222 3396 profanissimi

147 3565 274 3622 lfurore
288 3559 399 3622 uocauit
417 3565 471 3622 BT
572 3566 696 3622 asturia
712 3565 741 3621 Β
842 3567 929 3621 4non
947 3583 997 3621 om.
1015 3568 1044 3624 R
1146 3571 1221 3624 bin·

90 3689 214 3744 tentione
227 3691 346 3744 uestram
359 3689 567 3744 ostentationem
585 3689 613 3744 A
700 3659 760 3744 ofin
782 3689 807 3744 V
899 3690 916 3743 l
927 3689 1116 3745 accerbitatem
1130 3692 1157 3748 Τ

90 3777 108 3830 8
136 3775 262 3844 pulsatus
288 3775 316 3832 R
420 3775 453 3829 10
475 3774 557 3844 furor]
579 3775 636 3829 fora
658 3775 685 3830 R
788 3777 820 3829 11
844 3774 972 3830 adtendat
994 3775 1022 3829 B
1122 3793 1221 3844 poenae

91 3863 129 3930 R,
157 3877 223 3930 pena
241 3861 297 3918 PT
328 3891 355 3900 ·=
399 3861 431 3916 13
456 3861 594 3929 oodegites
612 3859 686 3929 ΒΨ,
713 3859 848 3930 collegitis
870 3862 898 3918 R
1000 3862 1221 3932 ceruix—congre

95 3981 170 4037 Tira
181 3995 236 4036 rae.
342 3946 587 4036 limmlttiturl'
676 3993 752 4034 sacra
769 3979 829 4035 Bm
932 3981 965 4035 15
983 3981 1111 4035 simaeum
1131 3982 1157 4035 Τ

93 4101 127 4156 rc
151 4103 233 4172 quoe]
253 4103 369 4172 quaer
470 4103 501 4166 rr
529 4103 683 4176 cerastarum
710 4103 781 4176 a,
840 4101 947 4156 aren
1047 4075 1089 4157 ria
1111 4103 1151 4168 a,
1180 4103 1221 4156 aaa

92 4189 154 4243 Rm
257 4187 290 4242 21
314 4189 420 4242 inuitus
444 4189 472 4245 R
574 4189 610 4242 22
633 4188 711 4242 uallis
733 4187 760 4242 Β
861 4189 895 4242 23
912 4188 1103 4247 ammonitione
1124 4188 1169 4244 R'

91 4271 275 4342 pandistisV,
303 4273 461 4344 perdidistis
479 4275 526 4330 Pb
629 4273 663 4328 24
681 4273 842 4343 dampnatur
858 4275 887 4332 R
976 4273 1110 4328 actoribus
1131 4275 1157 4329 Τ

92 4359 125 4412 25
139 4359 269 4414 adserctis
282 4359 310 4414 B
405 4359 437 4413 27
450 4360 714 4430 qui-profanissimi
727 4377 777 4417 orn.
790 4361 821 4416 R
904 4360 1114 4430 prophanissimi
1128 4358 1213 4417 Tm*

1065 4463 1118 4518 20*
