<?xml version="1.0" encoding="UTF-8"?>
<!DOCTYPE html PUBLIC "-//W3C//DTD XHTML 1.0 Transitional//EN"
    "http://www.w3.org/TR/xhtml1/DTD/xhtml1-transitional.dtd">
<html xmlns="http://www.w3.org/1999/xhtml" xml:lang="en" lang="en">
 <head>
  <title>
</title>
<meta http-equiv="Content-Type" content="text/html;charset=utf-8" />
  <meta name='ocr-system' content='tesseract 3.04.00' />
  <meta name='ocr-capabilities' content='ocr_page ocr_carea ocr_par ocr_line ocrx_word'/>
</head>
<body>
  <div class='ocr_page' id='page_1' title='image "./corpusscriptoru13wissgoog_0094.png"; bbox 0 0 2934 4934; ppageno 0'>
   <div class='ocr_carea' id='block_1_1' title="bbox 267 383 392 430">
    <p class='ocr_par' dir='ltr' id='par_1_1' title="bbox 267 383 392 430">
     <span class='ocr_line' id='line_1_1' title="bbox 267 383 392 430; baseline 0 0"><span class='ocrx_word' id='word_1_1' title='bbox 267 383 392 430; x_wconf 79' lang='lat' dir='ltr'>LXXXII</span> 
     </span>
    </p>
   </div>
   <div class='ocr_carea' id='block_1_2' title="bbox 266 549 1388 743">
    <p class='ocr_par' dir='ltr' id='par_1_2' title="bbox 266 549 1388 743">
     <span class='ocr_line' id='line_1_2' title="bbox 269 549 1387 636; baseline -0.005 -16"><span class='ocrx_word' id='word_1_2' title='bbox 269 555 348 620; x_wconf 88' lang='lat' dir='ltr'><strong><em>forte</em></strong></span> <span class='ocrx_word' id='word_1_3' title='bbox 371 553 548 620; x_wconf 74' lang='lat' dir='ltr'><strong>emendatio</strong></span> <span class='ocrx_word' id='word_1_4' title='bbox 572 553 716 620; x_wconf 75' lang='lat' dir='ltr'>editionis</span> <span class='ocrx_word' id='word_1_5' title='bbox 738 552 888 636; x_wconf 87' lang='lat' dir='ltr'><strong><em>principis</em></strong></span> <span class='ocrx_word' id='word_1_6' title='bbox 909 553 1060 636; x_wconf 78' lang='lat' dir='ltr'><strong><em>praestet.</em></strong></span> <span class='ocrx_word' id='word_1_7' title='bbox 1095 569 1168 616; x_wconf 87' lang='lat' dir='ltr'><strong><em>nom</em></strong></span> <span class='ocrx_word' id='word_1_8' title='bbox 1191 552 1219 616; x_wconf 91' lang='lat' dir='ltr'><strong><em>si</em></strong></span> <span class='ocrx_word' id='word_1_9' title='bbox 1240 549 1387 632; x_wconf 84' lang='lat' dir='ltr'><strong><em>repettare</em></strong></span> 
     </span>
     <span class='ocr_line' id='line_1_3' title="bbox 266 653 1388 743; baseline -0.006 -20"><span class='ocrx_word' id='word_1_10' title='bbox 266 676 320 743; x_wconf 90' lang='lat' dir='ltr'><strong><em>pro</em></strong></span> <span class='ocrx_word' id='word_1_11' title='bbox 343 658 489 740; x_wconf 77' lang='lat' dir='ltr'><strong><em>repellere</em></strong></span> <span class='ocrx_word' id='word_1_12' title='bbox 518 658 700 740; x_wconf 76' lang='lat' dir='ltr'>inrepserat,</span> <span class='ocrx_word' id='word_1_13' title='bbox 731 655 823 722; x_wconf 87' lang='lat' dir='ltr'><strong><em>focile</em></strong></span> <span class='ocrx_word' id='word_1_14' title='bbox 850 655 883 721; x_wconf 90' lang='lat' dir='ltr'><strong><em>iu</em></strong></span> <span class='ocrx_word' id='word_1_15' title='bbox 913 656 1063 721; x_wconf 85' lang='lat' dir='ltr'><strong><em>uocebulo</em></strong></span> <span class='ocrx_word' id='word_1_16' title='bbox 1091 653 1251 720; x_wconf 80' lang='lat' dir='ltr'><strong><em>leuissimo</em></strong></span> <span class='ocrx_word' id='word_1_17' title='bbox 1272 653 1388 718; x_wconf 86' lang='lat' dir='ltr'><strong><em>medela</em></strong></span> 
     </span>
    </p>
   </div>
   <div class='ocr_carea' id='block_1_3' title="bbox 257 758 1403 4358">
    <p class='ocr_par' dir='ltr' id='par_1_3' title="bbox 257 758 1403 4358">
     <span class='ocr_line' id='line_1_4' title="bbox 268 758 1389 844; baseline -0.004 -19"><span class='ocrx_word' id='word_1_18' title='bbox 268 761 370 827; x_wconf 76' lang='lat' dir='ltr'><strong><em>oolam</em></strong></span> <span class='ocrx_word' id='word_1_19' title='bbox 392 759 541 826; x_wconf 78' lang='lat' dir='ltr'><strong><em>rebellare</em></strong></span> <span class='ocrx_word' id='word_1_20' title='bbox 569 760 694 826; x_wconf 86' lang='lat' dir='ltr'><strong><em>librarii</em></strong></span> <span class='ocrx_word' id='word_1_21' title='bbox 724 760 957 844; x_wconf 83' lang='lat' dir='ltr'><strong><em>ecquieueruut.</em></strong></span> <span class='ocrx_word' id='word_1_22' title='bbox 982 795 1022 808; x_wconf 92' lang='lat'>-</span> <span class='ocrx_word' id='word_1_23' title='bbox 1044 758 1117 843; x_wconf 83' lang='lat'>399,</span> <span class='ocrx_word' id='word_1_24' title='bbox 1143 761 1181 824; x_wconf 92' lang='grc'><strong><em>11</em></strong></span> <span class='ocrx_word' id='word_1_25' title='bbox 1203 758 1334 840; x_wconf 82' lang='lat' dir='ltr'><strong><em>poposci</em></strong></span> <span class='ocrx_word' id='word_1_26' title='bbox 1354 758 1389 821; x_wconf 79' lang='lat' dir='ltr'><strong><em>in</em></strong></span> 
     </span>
     <span class='ocr_line' id='line_1_5' title="bbox 266 861 1388 943; baseline -0.001 -16"><span class='ocrx_word' id='word_1_27' title='bbox 266 863 507 928; x_wconf 76' lang='lat' dir='ltr'><strong><em>matrimonium</em></strong></span> <span class='ocrx_word' id='word_1_28' title='bbox 540 862 707 927; x_wconf 70' lang='lat' dir='ltr'><strong><em>cuiusdam</em></strong></span> <span class='ocrx_word' id='word_1_29' title='bbox 741 861 957 927; x_wconf 74' lang='lat' dir='ltr'><strong><em>moestissimae</em></strong></span> <span class='ocrx_word' id='word_1_30' title='bbox 984 865 1013 926; x_wconf 92' lang='lat' dir='ltr'><strong><em>et</em></strong></span> <span class='ocrx_word' id='word_1_31' title='bbox 1040 861 1098 926; x_wconf 73' lang='lat' dir='ltr'><strong><em>todi</em></strong></span> <span class='ocrx_word' id='word_1_32' title='bbox 1129 861 1202 926; x_wconf 84' lang='lat' dir='ltr'><strong><em>dene</em></strong></span> <span class='ocrx_word' id='word_1_33' title='bbox 1229 865 1388 943; x_wconf 78' lang='lat' dir='ltr'><strong><em>compertae</em></strong></span> 
     </span>
     <span class='ocr_line' id='line_1_6' title="bbox 260 963 1389 1049; baseline -0.003 -19"><span class='ocrx_word' id='word_1_34' title='bbox 260 967 441 1049; x_wconf 83' lang='lat' dir='ltr'><strong><em>paruulum</em></strong></span> <span class='ocrx_word' id='word_1_35' title='bbox 472 965 586 1049; x_wconf 73' lang='lat' dir='ltr'><strong><em>ditum,</em></strong></span> <span class='ocrx_word' id='word_1_36' title='bbox 617 966 765 1047; x_wconf 80' lang='lat' dir='ltr'><strong><em>protinus</em></strong></span> <span class='ocrx_word' id='word_1_37' title='bbox 800 969 828 1029; x_wconf 90' lang='lat' dir='ltr'><strong><em>te</em></strong></span> <span class='ocrx_word' id='word_1_38' title='bbox 858 969 895 1028; x_wconf 88' lang='lat' dir='ltr'><strong><em>ut</em></strong></span> <span class='ocrx_word' id='word_1_39' title='bbox 923 964 1119 1030; x_wconf 65' lang='lat' dir='ltr'><strong><em>anteverteret</em></strong></span> <span class='ocrx_word' id='word_1_40' title='bbox 1141 963 1200 1049; x_wconf 90' lang='lat' dir='ltr'><strong><em>(ad</em></strong></span> <span class='ocrx_word' id='word_1_41' title='bbox 1221 968 1250 1028; x_wconf 89' lang='lat' dir='ltr'><strong><em>tc</em></strong></span> <span class='ocrx_word' id='word_1_42' title='bbox 1271 967 1389 1029; x_wconf 85' lang='lat' dir='ltr'><strong><em>ueniret</em></strong></span> 
     </span>
     <span class='ocr_line' id='line_1_7' title="bbox 267 1067 1390 1160; baseline -0.004 -25"><span class='ocrx_word' id='word_1_43' title='bbox 267 1070 354 1160; x_wconf 74' lang='lat' dir='ltr'><strong><em>codd.</em></strong></span> <span class='ocrx_word' id='word_1_44' title='bbox 378 1069 441 1135; x_wconf 90' lang='lat' dir='ltr'><strong><em>uisi</em></strong></span> <span class='ocrx_word' id='word_1_45' title='bbox 471 1070 552 1153; x_wconf 88' lang='lat' dir='ltr'><strong><em>quod</em></strong></span> <span class='ocrx_word' id='word_1_46' title='bbox 582 1069 691 1134; x_wconf 84' lang='lat' dir='ltr'><strong><em>uentre</em></strong></span> <span class='ocrx_word' id='word_1_47' title='bbox 713 1070 746 1134; x_wconf 91' lang='lat' dir='ltr'><strong><em>iu</em></strong></span> <span class='ocrx_word' id='word_1_48' title='bbox 767 1069 795 1134; x_wconf 94' lang='lat' dir='ltr'>B</span> <span class='ocrx_word' id='word_1_49' title='bbox 817 1068 878 1151; x_wconf 84' lang='lat' dir='ltr'><strong><em>est)</em></strong></span> <span class='ocrx_word' id='word_1_50' title='bbox 900 1072 1099 1148; x_wconf 70' lang='lat' dir='ltr'><strong><em>muudus,</em></strong></span> <span class='ocrx_word' id='word_1_51' title='bbox 1123 1067 1217 1148; x_wconf 80' lang='lat' dir='ltr'><strong><em>quasi</em></strong></span> <span class='ocrx_word' id='word_1_52' title='bbox 1238 1067 1293 1132; x_wconf 79' lang='lat' dir='ltr'><strong><em>hoc</em></strong></span> <span class='ocrx_word' id='word_1_53' title='bbox 1310 1088 1332 1130; x_wconf 94' lang='lat' dir='ltr'><strong><em>a</em></strong></span> <span class='ocrx_word' id='word_1_54' title='bbox 1346 1087 1390 1130; x_wconf 90' lang='lat' dir='ltr'><strong><em>me</em></strong></span> 
     </span>
     <span class='ocr_line' id='line_1_8' title="bbox 265 1170 1389 1256; baseline -0.001 -20"><span class='ocrx_word' id='word_1_55' title='bbox 265 1174 389 1254; x_wconf 75' lang='lat' dir='ltr'><strong><em>sperant</em></strong></span> <span class='ocrx_word' id='word_1_56' title='bbox 418 1172 585 1256; x_wconf 71' lang='lat' dir='ltr'><strong><em>debuisset,</em></strong></span> <span class='ocrx_word' id='word_1_57' title='bbox 616 1174 768 1253; x_wconf 73' lang='lat' dir='ltr'><strong><em>succeptus.</em></strong></span> <span class='ocrx_word' id='word_1_58' title='bbox 812 1171 971 1237; x_wconf 82' lang='lat' dir='ltr'><strong><em>Euuodius</em></strong></span> <span class='ocrx_word' id='word_1_59' title='bbox 1002 1171 1078 1236; x_wconf 80' lang='lat' dir='ltr'><strong><em>hoec</em></strong></span> <span class='ocrx_word' id='word_1_60' title='bbox 1107 1171 1203 1237; x_wconf 85' lang='lat' dir='ltr'><strong><em>uerba</em></strong></span> <span class='ocrx_word' id='word_1_61' title='bbox 1231 1170 1271 1235; x_wconf 84' lang='lat' dir='ltr'><strong><em>sd</em></strong></span> <span class='ocrx_word' id='word_1_62' title='bbox 1301 1170 1389 1235; x_wconf 89' lang='lat' dir='ltr'><strong><em>deum</em></strong></span> 
     </span>
     <span class='ocr_line' id='line_1_9' title="bbox 266 1273 1391 1361; baseline -0.008 -17"><span class='ocrx_word' id='word_1_63' title='bbox 266 1276 383 1358; x_wconf 82' lang='lat' dir='ltr'><strong><em>dirigit,</em></strong></span> <span class='ocrx_word' id='word_1_64' title='bbox 408 1277 445 1340; x_wconf 89' lang='lat' dir='ltr'><strong><em>ut</em></strong></span> <span class='ocrx_word' id='word_1_65' title='bbox 466 1275 545 1343; x_wconf 88' lang='lat' dir='ltr'><strong><em>illud</em></strong></span> <span class='ocrx_word' id='word_1_66' title='bbox 568 1275 611 1340; x_wconf 86' lang='lat' dir='ltr'><strong><em>ad</em></strong></span> <span class='ocrx_word' id='word_1_67' title='bbox 631 1281 660 1340; x_wconf 89' lang='lat' dir='ltr'><strong><em>tc</em></strong></span> <span class='ocrx_word' id='word_1_68' title='bbox 681 1277 804 1343; x_wconf 87' lang='lat' dir='ltr'><strong><em>ueniret</em></strong></span> <span class='ocrx_word' id='word_1_69' title='bbox 825 1293 948 1361; x_wconf 85' lang='lat' dir='ltr'><strong><em>prorsus</em></strong></span> <span class='ocrx_word' id='word_1_70' title='bbox 970 1274 1062 1340; x_wconf 84' lang='lat' dir='ltr'><strong><em>nihili</em></strong></span> <span class='ocrx_word' id='word_1_71' title='bbox 1084 1275 1134 1339; x_wconf 90' lang='lat' dir='ltr'><strong><em>sit.</em></strong></span> <span class='ocrx_word' id='word_1_72' title='bbox 1167 1273 1326 1357; x_wconf 86' lang='lat' dir='ltr'><strong><em>nequead</em></strong></span> <span class='ocrx_word' id='word_1_73' title='bbox 1346 1291 1391 1335; x_wconf 88' lang='lat' dir='ltr'><strong><em>mo</em></strong></span> 
     </span>
     <span class='ocr_line' id='line_1_10' title="bbox 263 1377 1390 1463; baseline -0.004 -19"><span class='ocrx_word' id='word_1_74' title='bbox 263 1379 383 1444; x_wconf 69' lang='lat' dir='ltr'><strong><em>ueniret</em></strong></span> <span class='ocrx_word' id='word_1_75' title='bbox 405 1380 577 1446; x_wconf 83' lang='lat' dir='ltr'><strong><em>sententies</em></strong></span> <span class='ocrx_word' id='word_1_76' title='bbox 599 1379 768 1461; x_wconf 85' lang='lat' dir='ltr'><strong><em>suffecerit,</em></strong></span> <span class='ocrx_word' id='word_1_77' title='bbox 792 1399 864 1446; x_wconf 89' lang='lat' dir='ltr'><strong><em>eam</em></strong></span> <span class='ocrx_word' id='word_1_78' title='bbox 879 1399 913 1445; x_wconf 88' lang='lat' dir='ltr'><strong><em>se</em></strong></span> <span class='ocrx_word' id='word_1_79' title='bbox 934 1379 1038 1463; x_wconf 90' lang='lat' dir='ltr'><strong><em>ipsum</em></strong></span> <span class='ocrx_word' id='word_1_80' title='bbox 1059 1377 1192 1443; x_wconf 87' lang='lat' dir='ltr'><strong><em>filiolam</em></strong></span> <span class='ocrx_word' id='word_1_81' title='bbox 1213 1377 1390 1463; x_wconf 76' lang='lat' dir='ltr'><strong><em>poposcisse</em></strong></span> 
     </span>
     <span class='ocr_line' id='line_1_11' title="bbox 264 1481 1391 1566; baseline -0.004 -19"><span class='ocrx_word' id='word_1_82' title='bbox 264 1485 378 1548; x_wconf 85' lang='lat' dir='ltr'><strong><em>uorret.</em></strong></span> <span class='ocrx_word' id='word_1_83' title='bbox 416 1484 525 1548; x_wconf 86' lang='lat' dir='ltr'><strong><em>domus</em></strong></span> <span class='ocrx_word' id='word_1_84' title='bbox 552 1484 656 1566; x_wconf 90' lang='lat' dir='ltr'><strong><em>potius</em></strong></span> <span class='ocrx_word' id='word_1_85' title='bbox 685 1483 743 1548; x_wconf 84' lang='lat' dir='ltr'><strong><em>ills</em></strong></span> <span class='ocrx_word' id='word_1_86' title='bbox 767 1483 925 1566; x_wconf 83' lang='lat' dir='ltr'><strong><em>poscentis</em></strong></span> <span class='ocrx_word' id='word_1_87' title='bbox 949 1481 1103 1548; x_wconf 83' lang='lat' dir='ltr'><strong><em>desiderio</em></strong></span> <span class='ocrx_word' id='word_1_88' title='bbox 1126 1482 1182 1546; x_wconf 87' lang='lat' dir='ltr'><strong><em>deo</em></strong></span> <span class='ocrx_word' id='word_1_89' title='bbox 1205 1484 1391 1562; x_wconf 76' lang='lat' dir='ltr'><strong><em>procurante</em></strong></span> 
     </span>
     <span class='ocr_line' id='line_1_12' title="bbox 263 1583 1390 1670; baseline 0.001 -21"><span class='ocrx_word' id='word_1_90' title='bbox 263 1585 424 1668; x_wconf 84' lang='lat' dir='ltr'><strong><em>praeuenit</em></strong></span> <span class='ocrx_word' id='word_1_91' title='bbox 446 1585 647 1669; x_wconf 85' lang='lat' dir='ltr'><strong><em>protinusque</em></strong></span> <span class='ocrx_word' id='word_1_92' title='bbox 670 1605 742 1652; x_wconf 89' lang='lat' dir='ltr'><strong><em>eum</em></strong></span> <span class='ocrx_word' id='word_1_93' title='bbox 762 1586 888 1669; x_wconf 87' lang='lat' dir='ltr'><strong><em>recepit.</em></strong></span> <span class='ocrx_word' id='word_1_94' title='bbox 907 1623 947 1634; x_wconf 92' lang='lat'>-</span> <span class='ocrx_word' id='word_1_95' title='bbox 962 1586 1036 1662; x_wconf 81' lang='lat'>403,</span> <span class='ocrx_word' id='word_1_96' title='bbox 1055 1585 1095 1651; x_wconf 92' lang='grc'><strong><em>16</em></strong></span> <span class='ocrx_word' id='word_1_97' title='bbox 1113 1586 1163 1670; x_wconf 88' lang='lat' dir='ltr'><strong><em>(de</em></strong></span> <span class='ocrx_word' id='word_1_98' title='bbox 1178 1583 1390 1668; x_wconf 81' lang='lat' dir='ltr'><strong><em>Verecundio)</em></strong></span> 
     </span>
     <span class='ocr_line' id='line_1_13' title="bbox 263 1685 1389 1771; baseline -0.002 -19"><span class='ocrx_word' id='word_1_99' title='bbox 263 1707 335 1753; x_wconf 91' lang='lat' dir='ltr'><strong><em>cum</em></strong></span> <span class='ocrx_word' id='word_1_100' title='bbox 364 1688 484 1753; x_wconf 89' lang='lat' dir='ltr'><strong><em>sudans</em></strong></span> <span class='ocrx_word' id='word_1_101' title='bbox 515 1687 668 1753; x_wconf 84' lang='lat' dir='ltr'><strong><em>Veneram</em></strong></span> <span class='ocrx_word' id='word_1_102' title='bbox 705 1691 857 1770; x_wconf 87' lang='lat' dir='ltr'><strong><em>(tenerum</em></strong></span> <span class='ocrx_word' id='word_1_103' title='bbox 885 1690 987 1771; x_wconf 88' lang='lat' dir='ltr'><strong><em>codd.)</em></strong></span> <span class='ocrx_word' id='word_1_104' title='bbox 1023 1689 1147 1754; x_wconf 78' lang='lat' dir='ltr'><strong><em>roseida</em></strong></span> <span class='ocrx_word' id='word_1_105' title='bbox 1179 1685 1260 1754; x_wconf 85' lang='lat' dir='ltr'><strong><em>cotto</em></strong></span> <span class='ocrx_word' id='word_1_106' title='bbox 1292 1687 1389 1769; x_wconf 78' lang='lat' dir='ltr'><strong><em>feras.</em></strong></span> 
     </span>
     <span class='ocr_line' id='line_1_14' title="bbox 264 1791 1392 1876; baseline -0.001 -20"><span class='ocrx_word' id='word_1_107' title='bbox 264 1791 406 1874; x_wconf 85' lang='lat' dir='ltr'><strong><em>quemuis</em></strong></span> <span class='ocrx_word' id='word_1_108' title='bbox 437 1792 515 1857; x_wconf 80' lang='lat' dir='ltr'><strong><em>tales</em></strong></span> <span class='ocrx_word' id='word_1_109' title='bbox 545 1792 687 1876; x_wconf 82' lang='lat' dir='ltr'><strong><em>genetiui</em></strong></span> <span class='ocrx_word' id='word_1_110' title='bbox 713 1792 746 1856; x_wconf 91' lang='lat' dir='ltr'><strong><em>in</em></strong></span> <span class='ocrx_word' id='word_1_111' title='bbox 770 1811 841 1856; x_wconf 93' lang='lat' dir='ltr'><strong><em>-um</em></strong></span> <span class='ocrx_word' id='word_1_112' title='bbox 863 1796 1008 1858; x_wconf 81' lang='lat' dir='ltr'><strong><em>exeuntes</em></strong></span> <span class='ocrx_word' id='word_1_113' title='bbox 1037 1795 1119 1875; x_wconf 87' lang='lat' dir='ltr'><strong><em>apud</em></strong></span> <span class='ocrx_word' id='word_1_114' title='bbox 1142 1791 1320 1857; x_wconf 77' lang='lat' dir='ltr'><strong><em>Euuodiam</em></strong></span> <span class='ocrx_word' id='word_1_115' title='bbox 1343 1793 1392 1856; x_wconf 94' lang='lat' dir='ltr'><strong><em>iu·</em></strong></span> 
     </span>
     <span class='ocr_line' id='line_1_15' title="bbox 264 1895 1394 1978; baseline -0.002 -18"><span class='ocrx_word' id='word_1_116' title='bbox 264 1896 429 1960; x_wconf 84' lang='lat' dir='ltr'><strong><em>ueuieutur</em></strong></span> <span class='ocrx_word' id='word_1_117' title='bbox 466 1896 555 1961; x_wconf 89' lang='lat' dir='ltr'><strong><em>uelut</em></strong></span> <span class='ocrx_word' id='word_1_118' title='bbox 592 1896 775 1977; x_wconf 78' lang='lat' dir='ltr'><strong><em>pronubum</em></strong></span> <span class='ocrx_word' id='word_1_119' title='bbox 818 1895 1001 1965; x_wconf 77' lang='lat' dir='ltr'><strong><em>coelicolum</em></strong></span> <span class='ocrx_word' id='word_1_120' title='bbox 1043 1895 1287 1978; x_wconf 79' lang='lat' dir='ltr'><strong><em>quadriiupum,</em></strong></span> <span class='ocrx_word' id='word_1_121' title='bbox 1328 1896 1394 1960; x_wconf 90' lang='lat' dir='ltr'><strong><em>siue</em></strong></span> 
     </span>
     <span class='ocr_line' id='line_1_16' title="bbox 265 1997 1391 2082; baseline -0.001 -20"><span class='ocrx_word' id='word_1_122' title='bbox 265 1997 402 2080; x_wconf 87' lang='lat' dir='ltr'><strong><em>exemplo</em></strong></span> <span class='ocrx_word' id='word_1_123' title='bbox 429 2016 480 2064; x_wconf 91' lang='lat' dir='ltr'><strong><em>eos</em></strong></span> <span class='ocrx_word' id='word_1_124' title='bbox 509 2015 571 2063; x_wconf 91' lang='lat' dir='ltr'><strong><em>uon</em></strong></span> <span class='ocrx_word' id='word_1_125' title='bbox 599 1999 736 2064; x_wconf 80' lang='lat' dir='ltr'><strong><em>admisit.</em></strong></span> <span class='ocrx_word' id='word_1_126' title='bbox 775 1999 887 2065; x_wconf 87' lang='lat' dir='ltr'><strong><em>deiude</em></strong></span> <span class='ocrx_word' id='word_1_127' title='bbox 918 1997 1071 2064; x_wconf 83' lang='lat' dir='ltr'><strong><em>Venarum</em></strong></span> <span class='ocrx_word' id='word_1_128' title='bbox 1092 2018 1111 2063; x_wconf 84' lang='lat' dir='ltr'>a</span> <span class='ocrx_word' id='word_1_129' title='bbox 1133 2001 1226 2082; x_wconf 82' lang='lat' dir='ltr'><strong><em>poete</em></strong></span> <span class='ocrx_word' id='word_1_130' title='bbox 1248 1998 1391 2064; x_wconf 80' lang='lat' dir='ltr'><strong><em>Ennodio</em></strong></span> 
     </span>
     <span class='ocr_line' id='line_1_17' title="bbox 263 2099 1393 2186; baseline -0.001 -20"><span class='ocrx_word' id='word_1_131' title='bbox 263 2119 325 2166; x_wconf 88' lang='lat' dir='ltr'><strong><em>uon</em></strong></span> <span class='ocrx_word' id='word_1_132' title='bbox 344 2099 485 2166; x_wconf 78' lang='lat' dir='ltr'><strong><em>alienum</em></strong></span> <span class='ocrx_word' id='word_1_133' title='bbox 507 2119 574 2167; x_wconf 90' lang='lat' dir='ltr'><strong><em>esse</em></strong></span> <span class='ocrx_word' id='word_1_134' title='bbox 596 2102 773 2184; x_wconf 83' lang='lat' dir='ltr'><strong><em>putabitur,</em></strong></span> <span class='ocrx_word' id='word_1_135' title='bbox 797 2103 823 2167; x_wconf 87' lang='lat' dir='ltr'><strong><em>ei</em></strong></span> <span class='ocrx_word' id='word_1_136' title='bbox 845 2101 949 2169; x_wconf 76' lang='lat' dir='ltr'><strong><em>Germ.</em></strong></span> <span class='ocrx_word' id='word_1_137' title='bbox 972 2103 988 2167; x_wconf 96' lang='grc' dir='ltr'>Ι</span> <span class='ocrx_word' id='word_1_138' title='bbox 1009 2102 1041 2182; x_wconf 94' lang='grc'><strong><em>4,</em></strong></span> <span class='ocrx_word' id='word_1_139' title='bbox 1064 2103 1106 2168; x_wconf 89' lang='grc'><strong><em>29</em></strong></span> <span class='ocrx_word' id='word_1_140' title='bbox 1122 2121 1166 2186; x_wconf 88' lang='lat' dir='ltr'><strong><em>sq.</em></strong></span> <span class='ocrx_word' id='word_1_141' title='bbox 1191 2102 1233 2167; x_wconf 88' lang='grc'><strong><em>73</em></strong></span> <span class='ocrx_word' id='word_1_142' title='bbox 1247 2120 1292 2185; x_wconf 89' lang='lat' dir='ltr'><strong><em>sq.</em></strong></span> <span class='ocrx_word' id='word_1_143' title='bbox 1317 2121 1393 2167; x_wconf 91' lang='lat' dir='ltr'><strong><em>cou-</em></strong></span> 
     </span>
     <span class='ocr_line' id='line_1_18' title="bbox 264 2203 1392 2282; baseline 0.001 -15"><span class='ocrx_word' id='word_1_144' title='bbox 264 2203 381 2268; x_wconf 86' lang='lat' dir='ltr'><strong><em>tuleris.</em></strong></span> <span class='ocrx_word' id='word_1_145' title='bbox 405 2241 448 2252; x_wconf 89' lang='lat'>-</span> <span class='ocrx_word' id='word_1_146' title='bbox 469 2203 543 2282; x_wconf 84' lang='lat'>409,</span> <span class='ocrx_word' id='word_1_147' title='bbox 567 2203 609 2270; x_wconf 98' lang='grc'>25</span> <span class='ocrx_word' id='word_1_148' title='bbox 638 2205 685 2269; x_wconf 84' lang='lat' dir='ltr'><strong><em>sic</em></strong></span> <span class='ocrx_word' id='word_1_149' title='bbox 710 2204 748 2269; x_wconf 87' lang='lat' dir='ltr'><strong><em>o&#39;n</em></strong></span> <span class='ocrx_word' id='word_1_150' title='bbox 776 2209 929 2270; x_wconf 81' lang='lat' dir='ltr'><strong><em>natmam</em></strong></span> <span class='ocrx_word' id='word_1_151' title='bbox 958 2205 1089 2271; x_wconf 78' lang='lat' dir='ltr'><strong><em>transiet</em></strong></span> <span class='ocrx_word' id='word_1_152' title='bbox 1118 2205 1289 2272; x_wconf 73' lang='lat' dir='ltr'><strong><em>honestatis</em></strong></span> <span class='ocrx_word' id='word_1_153' title='bbox 1313 2205 1392 2270; x_wconf 78' lang='lat' dir='ltr'><strong><em>diti·</em></strong></span> 
     </span>
     <span class='ocr_line' id='line_1_19' title="bbox 262 2307 1394 2395; baseline -0.001 -24"><span class='ocrx_word' id='word_1_154' title='bbox 262 2308 378 2390; x_wconf 82' lang='lat' dir='ltr'><strong><em>pento&#39;u,</em></strong></span> <span class='ocrx_word' id='word_1_155' title='bbox 413 2311 448 2372; x_wconf 85' lang='lat' dir='ltr'><strong><em>ut</em></strong></span> <span class='ocrx_word' id='word_1_156' title='bbox 469 2308 499 2371; x_wconf 84' lang='lat' dir='ltr'><strong><em>si</em></strong></span> <span class='ocrx_word' id='word_1_157' title='bbox 519 2307 570 2372; x_wconf 87' lang='lat' dir='ltr'><strong><em>net</em></strong></span> <span class='ocrx_word' id='word_1_158' title='bbox 591 2309 721 2373; x_wconf 74' lang='lat' dir='ltr'><strong><em>mentiri</em></strong></span> <span class='ocrx_word' id='word_1_159' title='bbox 749 2308 837 2388; x_wconf 83' lang='lat' dir='ltr'><strong><em>uettt,</em></strong></span> <span class='ocrx_word' id='word_1_160' title='bbox 870 2329 937 2374; x_wconf 89' lang='lat' dir='ltr'><strong><em>nou</em></strong></span> <span class='ocrx_word' id='word_1_161' title='bbox 961 2311 1062 2391; x_wconf 83' lang='lat' dir='ltr'><strong><em>possit</em></strong></span> <span class='ocrx_word' id='word_1_162' title='bbox 1091 2309 1219 2374; x_wconf 77' lang='lat' dir='ltr'><strong><em>domare</em></strong></span> <span class='ocrx_word' id='word_1_163' title='bbox 1242 2311 1394 2395; x_wconf 87' lang='lat' dir='ltr'><strong><em>(errorem</em></strong></span> 
     </span>
     <span class='ocr_line' id='line_1_20' title="bbox 264 2409 1394 2496; baseline 0.001 -22"><span class='ocrx_word' id='word_1_164' title='bbox 264 2409 378 2496; x_wconf 80' lang='lat' dir='ltr'><strong><em>codd),</em></strong></span> <span class='ocrx_word' id='word_1_165' title='bbox 401 2410 422 2474; x_wconf 90' lang='lat' dir='ltr'><strong><em>i.</em></strong></span> <span class='ocrx_word' id='word_1_166' title='bbox 446 2429 472 2476; x_wconf 85' lang='lat' dir='ltr'><strong><em>e.</em></strong></span> <span class='ocrx_word' id='word_1_167' title='bbox 499 2412 546 2475; x_wconf 86' lang='lat' dir='ltr'><strong><em>ito</em></strong></span> <span class='ocrx_word' id='word_1_168' title='bbox 574 2413 774 2478; x_wconf 79' lang='lat' dir='ltr'><strong><em>mendesium</em></strong></span> <span class='ocrx_word' id='word_1_169' title='bbox 805 2413 989 2479; x_wconf 86' lang='lat' dir='ltr'><strong><em>detestetur.</em></strong></span> <span class='ocrx_word' id='word_1_170' title='bbox 1027 2430 1129 2478; x_wconf 89' lang='lat' dir='ltr'><strong><em>errore</em></strong></span> <span class='ocrx_word' id='word_1_171' title='bbox 1158 2431 1233 2478; x_wconf 90' lang='lat' dir='ltr'><strong><em>uero</em></strong></span> <span class='ocrx_word' id='word_1_172' title='bbox 1262 2413 1334 2478; x_wconf 89' lang='lat' dir='ltr'><strong><em>ideo</em></strong></span> <span class='ocrx_word' id='word_1_173' title='bbox 1358 2427 1394 2475; x_wconf 83' lang='lat' dir='ltr'><strong><em>ea</em></strong></span> 
     </span>
     <span class='ocr_line' id='line_1_21' title="bbox 263 2514 1394 2599; baseline -0.003 -21"><span class='ocrx_word' id='word_1_174' title='bbox 263 2530 325 2578; x_wconf 88' lang='lat' dir='ltr'><strong><em>uon</em></strong></span> <span class='ocrx_word' id='word_1_175' title='bbox 346 2514 474 2578; x_wconf 83' lang='lat' dir='ltr'><strong><em>mentiri</em></strong></span> <span class='ocrx_word' id='word_1_176' title='bbox 496 2516 558 2580; x_wconf 88' lang='lat' dir='ltr'><strong><em>diei</em></strong></span> <span class='ocrx_word' id='word_1_177' title='bbox 581 2516 700 2598; x_wconf 90' lang='lat' dir='ltr'><strong><em>nequit,</em></strong></span> <span class='ocrx_word' id='word_1_178' title='bbox 731 2516 806 2598; x_wconf 84' lang='lat' dir='ltr'><strong><em>quio</em></strong></span> <span class='ocrx_word' id='word_1_179' title='bbox 826 2518 981 2599; x_wconf 80' lang='lat' dir='ltr'><strong><em>praeeedit</em></strong></span> <span class='ocrx_word' id='word_1_180' title='bbox 1003 2516 1033 2580; x_wconf 82' lang='lat' dir='ltr'><strong><em>si</em></strong></span> <span class='ocrx_word' id='word_1_181' title='bbox 1053 2515 1104 2580; x_wconf 88' lang='lat' dir='ltr'><strong><em>uet</em></strong></span> <span class='ocrx_word' id='word_1_182' title='bbox 1125 2515 1256 2580; x_wconf 81' lang='lat' dir='ltr'><strong><em>uceutiri</em></strong></span> <span class='ocrx_word' id='word_1_183' title='bbox 1278 2515 1394 2581; x_wconf 81' lang='lat' dir='ltr'><strong><em>uelit.</em></strong></span> 
     </span>
     <span class='ocr_line' id='line_1_22' title="bbox 263 2616 1395 2704; baseline 0 -23"><span class='ocrx_word' id='word_1_184' title='bbox 263 2616 407 2684; x_wconf 83' lang='lat' dir='ltr'><strong><em>uoluntas</em></strong></span> <span class='ocrx_word' id='word_1_185' title='bbox 431 2635 501 2682; x_wconf 89' lang='lat' dir='ltr'><strong><em>oum</em></strong></span> <span class='ocrx_word' id='word_1_186' title='bbox 524 2636 625 2684; x_wconf 86' lang='lat' dir='ltr'><strong><em>errore</em></strong></span> <span class='ocrx_word' id='word_1_187' title='bbox 647 2619 779 2684; x_wconf 81' lang='lat' dir='ltr'><strong><em>aduerso</em></strong></span> <span class='ocrx_word' id='word_1_188' title='bbox 801 2619 905 2684; x_wconf 86' lang='lat' dir='ltr'><strong><em>fronto</em></strong></span> <span class='ocrx_word' id='word_1_189' title='bbox 926 2623 1056 2704; x_wconf 79' lang='lat' dir='ltr'><strong><em>pugnet.</em></strong></span> <span class='ocrx_word' id='word_1_190' title='bbox 1091 2621 1200 2685; x_wconf 84' lang='lat' dir='ltr'><strong><em>eedem</em></strong></span> <span class='ocrx_word' id='word_1_191' title='bbox 1216 2617 1395 2702; x_wconf 84' lang='lat' dir='ltr'><strong><em>corruptele</em></strong></span> 
     </span>
     <span class='ocr_line' id='line_1_23' title="bbox 264 2719 1396 2804; baseline 0.004 -20"><span class='ocrx_word' id='word_1_192' title='bbox 264 2719 337 2796; x_wconf 87' lang='lat'>449,</span> <span class='ocrx_word' id='word_1_193' title='bbox 353 2720 373 2786; x_wconf 87' lang='lat'>8</span> <span class='ocrx_word' id='word_1_194' title='bbox 396 2720 490 2785; x_wconf 81' lang='lat' dir='ltr'><strong><em>latuit</em></strong></span> <span class='ocrx_word' id='word_1_195' title='bbox 505 2721 583 2801; x_wconf 77' lang='lat' dir='ltr'><strong><em>quid</em></strong></span> <span class='ocrx_word' id='word_1_196' title='bbox 597 2721 750 2785; x_wconf 82' lang='lat' dir='ltr'><strong><em>desideret</em></strong></span> <span class='ocrx_word' id='word_1_197' title='bbox 769 2720 879 2786; x_wconf 74' lang='lat' dir='ltr'><strong><em>norror</em></strong></span> <span class='ocrx_word' id='word_1_198' title='bbox 893 2729 993 2802; x_wconf 87' lang='lat' dir='ltr'><strong><em>(error</em></strong></span> <span class='ocrx_word' id='word_1_199' title='bbox 1009 2721 1110 2804; x_wconf 88' lang='lat' dir='ltr'><strong><em>codd.)</em></strong></span> <span class='ocrx_word' id='word_1_200' title='bbox 1137 2721 1288 2787; x_wconf 85' lang='lat' dir='ltr'><strong><em>ostendit:</em></strong></span> <span class='ocrx_word' id='word_1_201' title='bbox 1312 2721 1396 2803; x_wconf 75' lang='lat' dir='ltr'><strong><em>copi·</em></strong></span> 
     </span>
     <span class='ocr_line' id='line_1_24' title="bbox 263 2823 1397 2907; baseline 0 -21"><span class='ocrx_word' id='word_1_202' title='bbox 263 2842 337 2887; x_wconf 88' lang='lat' dir='ltr'><strong><em>mur</em></strong></span> <span class='ocrx_word' id='word_1_203' title='bbox 357 2823 522 2888; x_wconf 85' lang='lat' dir='ltr'><strong><em>subuenire</em></strong></span> <span class='ocrx_word' id='word_1_204' title='bbox 546 2823 581 2886; x_wconf 82' lang='lat' dir='ltr'><strong><em>iu</em></strong></span> <span class='ocrx_word' id='word_1_205' title='bbox 602 2825 783 2890; x_wconf 75' lang='lat' dir='ltr'><strong><em>necessitate</em></strong></span> <span class='ocrx_word' id='word_1_206' title='bbox 800 2825 936 2905; x_wconf 80' lang='lat' dir='ltr'><strong><em>paruuli</em></strong></span> <span class='ocrx_word' id='word_1_207' title='bbox 943 2873 951 2904; x_wconf 89' lang='lat'>,</span> <span class='ocrx_word' id='word_1_208' title='bbox 979 2846 1076 2907; x_wconf 78' lang='lat' dir='ltr'><strong><em>quam</em></strong></span> <span class='ocrx_word' id='word_1_209' title='bbox 1102 2824 1258 2906; x_wconf 75' lang='lat' dir='ltr'><strong><em>formido</em></strong></span> <span class='ocrx_word' id='word_1_210' title='bbox 1284 2825 1397 2888; x_wconf 84' lang='lat' dir='ltr'><strong><em>mani-</em></strong></span> 
     </span>
     <span class='ocr_line' id='line_1_25' title="bbox 262 2925 1396 3011; baseline 0.001 -21"><span class='ocrx_word' id='word_1_211' title='bbox 262 2927 365 3009; x_wconf 85' lang='lat' dir='ltr'><strong><em>festat,</em></strong></span> <span class='ocrx_word' id='word_1_212' title='bbox 390 2945 449 3009; x_wconf 90' lang='lat' dir='ltr'><strong><em>quo</em></strong></span> <span class='ocrx_word' id='word_1_213' title='bbox 472 2926 538 2992; x_wconf 90' lang='lat' dir='ltr'><strong><em>loco</em></strong></span> <span class='ocrx_word' id='word_1_214' title='bbox 556 2925 668 2992; x_wconf 79' lang='lat' dir='ltr'><strong><em>terror</em></strong></span> <span class='ocrx_word' id='word_1_215' title='bbox 683 2928 768 2992; x_wconf 88' lang='lat' dir='ltr'><strong><em>idem</em></strong></span> <span class='ocrx_word' id='word_1_216' title='bbox 785 2929 866 3011; x_wconf 88' lang='lat' dir='ltr'><strong><em>quod</em></strong></span> <span class='ocrx_word' id='word_1_217' title='bbox 881 2932 984 2994; x_wconf 90' lang='lat' dir='ltr'><strong><em>metus</em></strong></span> <span class='ocrx_word' id='word_1_218' title='bbox 999 2928 1169 3011; x_wconf 81' lang='lat' dir='ltr'><strong><em>significet.</em></strong></span> <span class='ocrx_word' id='word_1_219' title='bbox 1194 2928 1234 2992; x_wconf 87' lang='lat' dir='ltr'><strong><em>cf.</em></strong></span> <span class='ocrx_word' id='word_1_220' title='bbox 1250 2925 1327 3007; x_wconf 88' lang='grc'>252,</span> <span class='ocrx_word' id='word_1_221' title='bbox 1348 2928 1396 2991; x_wconf 91' lang='grc'><strong><em>11.</em></strong></span> 
     </span>
     <span class='ocr_line' id='line_1_26' title="bbox 264 3028 1398 3113; baseline 0 -21"><span class='ocrx_word' id='word_1_222' title='bbox 264 3029 336 3107; x_wconf 89' lang='grc'>275,</span> <span class='ocrx_word' id='word_1_223' title='bbox 355 3030 404 3094; x_wconf 91' lang='grc'><strong><em>10.</em></strong></span> <span class='ocrx_word' id='word_1_224' title='bbox 423 3065 461 3077; x_wconf 97' lang='grc'><strong>-</strong></span> <span class='ocrx_word' id='word_1_225' title='bbox 477 3028 550 3107; x_wconf 86' lang='grc'>425,</span> <span class='ocrx_word' id='word_1_226' title='bbox 568 3029 588 3094; x_wconf 86' lang='grc'><strong>3</strong></span> <span class='ocrx_word' id='word_1_227' title='bbox 605 3049 768 3095; x_wconf 74' lang='lat' dir='ltr'><strong><em>carnorum</em></strong></span> <span class='ocrx_word' id='word_1_228' title='bbox 776 3031 917 3112; x_wconf 78' lang='lat' dir='ltr'><strong><em>pteeura</em></strong></span> <span class='ocrx_word' id='word_1_229' title='bbox 935 3030 1094 3113; x_wconf 79' lang='lat' dir='ltr'><strong><em>(ptmtura</em></strong></span> <span class='ocrx_word' id='word_1_230' title='bbox 1109 3032 1211 3111; x_wconf 86' lang='lat' dir='ltr'><strong><em>codd.)</em></strong></span> <span class='ocrx_word' id='word_1_231' title='bbox 1234 3030 1398 3111; x_wconf 76' lang='lat' dir='ltr'><strong><em>diffundi·</em></strong></span> 
     </span>
     <span class='ocr_line' id='line_1_27' title="bbox 263 3131 1398 3217; baseline 0.005 -24"><span class='ocrx_word' id='word_1_232' title='bbox 263 3135 324 3194; x_wconf 91' lang='lat' dir='ltr'><strong><em>tur.</em></strong></span> <span class='ocrx_word' id='word_1_233' title='bbox 348 3147 420 3195; x_wconf 86' lang='lat' dir='ltr'><strong><em>uem</em></strong></span> <span class='ocrx_word' id='word_1_234' title='bbox 436 3135 472 3196; x_wconf 88' lang='lat' dir='ltr'><strong><em>ut</em></strong></span> <span class='ocrx_word' id='word_1_235' title='bbox 485 3131 599 3213; x_wconf 69' lang='lat' dir='ltr'><strong><em>edecta</em></strong></span> <span class='ocrx_word' id='word_1_236' title='bbox 612 3132 746 3217; x_wconf 71' lang='lat' dir='ltr'><strong><em>flexura,</em></strong></span> <span class='ocrx_word' id='word_1_237' title='bbox 763 3135 893 3216; x_wconf 75' lang='lat' dir='ltr'><strong><em>spicato</em></strong></span> <span class='ocrx_word' id='word_1_238' title='bbox 906 3133 1043 3215; x_wconf 83' lang='lat' dir='ltr'><strong><em>pteeura</em></strong></span> <span class='ocrx_word' id='word_1_239' title='bbox 1054 3135 1217 3201; x_wconf 85' lang='lat' dir='ltr'><strong><em>formetur.</em></strong></span> <span class='ocrx_word' id='word_1_240' title='bbox 1230 3171 1272 3183; x_wconf 89' lang='lat'>-</span> <span class='ocrx_word' id='word_1_241' title='bbox 1283 3136 1329 3199; x_wconf 91' lang='grc'><strong><em>47</em></strong></span> <span class='ocrx_word' id='word_1_242' title='bbox 1331 3135 1364 3214; x_wconf 88' lang='grc'><strong><em>5,</em></strong></span> <span class='ocrx_word' id='word_1_243' title='bbox 1378 3134 1398 3198; x_wconf 88' lang='grc'><strong>3</strong></span> 
     </span>
     <span class='ocr_line' id='line_1_28' title="bbox 264 3233 1399 3321; baseline 0.003 -24"><span class='ocrx_word' id='word_1_244' title='bbox 264 3233 316 3298; x_wconf 88' lang='lat' dir='ltr'><strong><em>sed</em></strong></span> <span class='ocrx_word' id='word_1_245' title='bbox 330 3233 393 3298; x_wconf 83' lang='lat' dir='ltr'><strong><em>ecto</em></strong></span> <span class='ocrx_word' id='word_1_246' title='bbox 414 3233 540 3316; x_wconf 82' lang='lat' dir='ltr'><strong><em>(sedicio</em></strong></span> <span class='ocrx_word' id='word_1_247' title='bbox 554 3235 592 3318; x_wconf 87' lang='grc' dir='ltr'><strong><em>Β,</em></strong></span> <span class='ocrx_word' id='word_1_248' title='bbox 610 3235 664 3300; x_wconf 89' lang='lat' dir='ltr'><strong><em>sed</em></strong></span> <span class='ocrx_word' id='word_1_249' title='bbox 678 3255 750 3300; x_wconf 88' lang='lat' dir='ltr'><strong><em>reor</em></strong></span> <span class='ocrx_word' id='word_1_250' title='bbox 763 3237 845 3319; x_wconf 83' lang='lat' dir='ltr'><strong><em>rell.)</em></strong></span> <span class='ocrx_word' id='word_1_251' title='bbox 859 3238 968 3319; x_wconf 81' lang='lat' dir='ltr'><strong><em>perire</em></strong></span> <span class='ocrx_word' id='word_1_252' title='bbox 981 3239 1105 3302; x_wconf 82' lang='lat' dir='ltr'><strong><em>monita</em></strong></span> <span class='ocrx_word' id='word_1_253' title='bbox 1118 3257 1199 3320; x_wconf 72' lang='lat' dir='ltr'><strong><em>quoae</em></strong></span> <span class='ocrx_word' id='word_1_254' title='bbox 1209 3237 1399 3321; x_wconf 77' lang='lat' dir='ltr'><strong><em>profltpatie</em></strong></span> 
     </span>
     <span class='ocr_line' id='line_1_29' title="bbox 263 3336 1399 3424; baseline 0.004 -23"><span class='ocrx_word' id='word_1_255' title='bbox 263 3336 402 3402; x_wconf 77' lang='lat' dir='ltr'><strong><em>mortius</em></strong></span> <span class='ocrx_word' id='word_1_256' title='bbox 429 3337 621 3403; x_wconf 76' lang='lat' dir='ltr'><strong><em>exhibentur.</em></strong></span> <span class='ocrx_word' id='word_1_257' title='bbox 659 3340 744 3404; x_wconf 89' lang='lat' dir='ltr'><strong><em>idem</em></strong></span> <span class='ocrx_word' id='word_1_258' title='bbox 766 3341 804 3406; x_wconf 83' lang='lat' dir='ltr'><strong><em>de</em></strong></span> <span class='ocrx_word' id='word_1_259' title='bbox 830 3341 889 3407; x_wconf 89' lang='lat' dir='ltr'><strong><em>hoc</em></strong></span> <span class='ocrx_word' id='word_1_260' title='bbox 919 3341 986 3407; x_wconf 89' lang='lat' dir='ltr'><strong><em>loco</em></strong></span> <span class='ocrx_word' id='word_1_261' title='bbox 1016 3341 1103 3407; x_wconf 85' lang='lat' dir='ltr'><strong><em>uolet</em></strong></span> <span class='ocrx_word' id='word_1_262' title='bbox 1132 3342 1214 3423; x_wconf 88' lang='lat' dir='ltr'><strong><em>qaod</em></strong></span> <span class='ocrx_word' id='word_1_263' title='bbox 1236 3341 1399 3424; x_wconf 82' lang='lat' dir='ltr'><strong><em>supro-de</em></strong></span> 
     </span>
     <span class='ocr_line' id='line_1_30' title="bbox 257 3440 1399 3525; baseline 0.003 -21"><span class='ocrx_word' id='word_1_264' title='bbox 257 3440 404 3521; x_wconf 86' lang='lat' dir='ltr'><strong><em>poscebat</em></strong></span> <span class='ocrx_word' id='word_1_265' title='bbox 436 3440 510 3525; x_wconf 88' lang='grc'>212,</span> <span class='ocrx_word' id='word_1_266' title='bbox 534 3441 574 3506; x_wconf 94' lang='grc'>21</span> <span class='ocrx_word' id='word_1_267' title='bbox 610 3443 731 3510; x_wconf 88' lang='lat' dir='ltr'><strong><em>dictum</em></strong></span> <span class='ocrx_word' id='word_1_268' title='bbox 765 3445 824 3511; x_wconf 85' lang='lat' dir='ltr'><strong><em>ost.</em></strong></span> <span class='ocrx_word' id='word_1_269' title='bbox 849 3481 887 3492; x_wconf 91' lang='grc'><strong>-</strong></span> <span class='ocrx_word' id='word_1_270' title='bbox 910 3444 1026 3522; x_wconf 88' lang='grc'>479,7</span> <span class='ocrx_word' id='word_1_271' title='bbox 1060 3465 1122 3510; x_wconf 89' lang='lat' dir='ltr'><strong><em>ecce</em></strong></span> <span class='ocrx_word' id='word_1_272' title='bbox 1155 3445 1222 3508; x_wconf 81' lang='lat' dir='ltr'><strong><em>tam</em></strong></span> <span class='ocrx_word' id='word_1_273' title='bbox 1254 3445 1399 3511; x_wconf 75' lang='lat' dir='ltr'><strong><em>uiatores</em></strong></span> 
     </span>
     <span class='ocr_line' id='line_1_31' title="bbox 262 3543 1400 3631; baseline 0.004 -23"><span class='ocrx_word' id='word_1_274' title='bbox 262 3543 365 3625; x_wconf 82' lang='lat' dir='ltr'><strong><em>epsius</em></strong></span> <span class='ocrx_word' id='word_1_275' title='bbox 386 3564 489 3627; x_wconf 85' lang='lat' dir='ltr'><strong><em>prope</em></strong></span> <span class='ocrx_word' id='word_1_276' title='bbox 511 3565 590 3627; x_wconf 80' lang='lat' dir='ltr'><strong><em>puae</em></strong></span> <span class='ocrx_word' id='word_1_277' title='bbox 611 3546 810 3613; x_wconf 73' lang='lat' dir='ltr'><strong><em>mutauerant</em></strong></span> <span class='ocrx_word' id='word_1_278' title='bbox 837 3552 984 3630; x_wconf 78' lang='lat' dir='ltr'><strong><em>sepulcra</em></strong></span> <span class='ocrx_word' id='word_1_279' title='bbox 1009 3553 1181 3613; x_wconf 84' lang='lat' dir='ltr'><strong><em>senuerunt</em></strong></span> <span class='ocrx_word' id='word_1_280' title='bbox 1207 3552 1235 3613; x_wconf 90' lang='lat' dir='ltr'><strong><em>et</em></strong></span> <span class='ocrx_word' id='word_1_281' title='bbox 1263 3569 1297 3612; x_wconf 90' lang='lat' dir='ltr'><strong><em>re</em></strong></span> <span class='ocrx_word' id='word_1_282' title='bbox 1322 3550 1400 3631; x_wconf 80' lang='lat' dir='ltr'><strong><em>ipsa</em></strong></span> 
     </span>
     <span class='ocr_line' id='line_1_32' title="bbox 268 3647 1401 3734; baseline 0.005 -24"><span class='ocrx_word' id='word_1_283' title='bbox 268 3647 316 3730; x_wconf 87' lang='lat' dir='ltr'><strong><em>(de</em></strong></span> <span class='ocrx_word' id='word_1_284' title='bbox 337 3649 410 3728; x_wconf 83' lang='lat' dir='ltr'><strong><em>ipsa</em></strong></span> <span class='ocrx_word' id='word_1_285' title='bbox 432 3649 469 3727; x_wconf 93' lang='lat' dir='ltr'><strong><em>B,</em></strong></span> <span class='ocrx_word' id='word_1_286' title='bbox 498 3648 536 3714; x_wconf 91' lang='lat' dir='ltr'><strong><em>de</em></strong></span> <span class='ocrx_word' id='word_1_287' title='bbox 557 3651 638 3731; x_wconf 81' lang='lat' dir='ltr'><strong><em>o&#39;pso&#39;s</em></strong></span> <span class='ocrx_word' id='word_1_288' title='bbox 659 3651 766 3734; x_wconf 80' lang='lat' dir='ltr'>LTV)</span> <span class='ocrx_word' id='word_1_289' title='bbox 794 3672 854 3732; x_wconf 85' lang='lat' dir='ltr'><strong><em>per</em></strong></span> <span class='ocrx_word' id='word_1_290' title='bbox 874 3652 1119 3717; x_wconf 80' lang='lat' dir='ltr'><strong><em>diuturnitatem</em></strong></span> <span class='ocrx_word' id='word_1_291' title='bbox 1142 3653 1311 3734; x_wconf 75' lang='lat' dir='ltr'><strong><em>requirunt</em></strong></span> <span class='ocrx_word' id='word_1_292' title='bbox 1340 3654 1401 3734; x_wconf 89' lang='lat' dir='ltr'><strong><em>(sio</em></strong></span> 
     </span>
     <span class='ocr_line' id='line_1_33' title="bbox 263 3750 1402 3839; baseline 0.006 -25"><span class='ocrx_word' id='word_1_293' title='bbox 263 3751 308 3834; x_wconf 83' lang='lat' dir='ltr'><strong><em>B,</em></strong></span> <span class='ocrx_word' id='word_1_294' title='bbox 322 3750 405 3832; x_wconf 66' lang='lat' dir='ltr'><strong><em>fiunt</em></strong></span> <span class='ocrx_word' id='word_1_295' title='bbox 426 3752 533 3834; x_wconf 83' lang='lat' dir='ltr'>LTV)</span> <span class='ocrx_word' id='word_1_296' title='bbox 560 3753 649 3818; x_wconf 85' lang='lat' dir='ltr'><strong><em>busta</em></strong></span> <span class='ocrx_word' id='word_1_297' title='bbox 671 3753 737 3818; x_wconf 76' lang='lat' dir='ltr'><strong><em>dam</em></strong></span> <span class='ocrx_word' id='word_1_298' title='bbox 761 3755 888 3820; x_wconf 80' lang='lat' dir='ltr'><strong><em>tumuli.</em></strong></span> <span class='ocrx_word' id='word_1_299' title='bbox 922 3755 961 3820; x_wconf 81' lang='lat' dir='ltr'><strong><em>ed</em></strong></span> <span class='ocrx_word' id='word_1_300' title='bbox 983 3755 1197 3839; x_wconf 81' lang='lat' dir='ltr'><strong><em>integritatem</em></strong></span> <span class='ocrx_word' id='word_1_301' title='bbox 1219 3755 1278 3820; x_wconf 90' lang='lat' dir='ltr'><strong><em>loci</em></strong></span> <span class='ocrx_word' id='word_1_302' title='bbox 1303 3775 1402 3822; x_wconf 81' lang='lat' dir='ltr'><strong><em>reeu-</em></strong></span> 
     </span>
     <span class='ocr_line' id='line_1_34' title="bbox 263 3855 1401 3940; baseline 0.006 -22"><span class='ocrx_word' id='word_1_303' title='bbox 263 3855 432 3936; x_wconf 85' lang='lat' dir='ltr'><strong><em>perendsm</em></strong></span> <span class='ocrx_word' id='word_1_304' title='bbox 454 3875 473 3920; x_wconf 85' lang='lat' dir='ltr'><strong><em>e</em></strong></span> <span class='ocrx_word' id='word_1_305' title='bbox 496 3855 641 3922; x_wconf 87' lang='lat' dir='ltr'><strong><em>oodiecB</em></strong></span> <span class='ocrx_word' id='word_1_306' title='bbox 663 3855 919 3940; x_wconf 88' lang='lat' dir='ltr'><strong><em>proficiscendum</em></strong></span> <span class='ocrx_word' id='word_1_307' title='bbox 942 3875 1017 3939; x_wconf 88' lang='lat' dir='ltr'><strong><em>esse,</em></strong></span> <span class='ocrx_word' id='word_1_308' title='bbox 1041 3858 1138 3922; x_wconf 85' lang='lat' dir='ltr'><strong><em>etiem</em></strong></span> <span class='ocrx_word' id='word_1_309' title='bbox 1160 3860 1188 3922; x_wconf 91' lang='lat' dir='ltr'><strong><em>si</em></strong></span> <span class='ocrx_word' id='word_1_310' title='bbox 1203 3861 1269 3924; x_wconf 89' lang='lat' dir='ltr'><strong><em>aius</em></strong></span> <span class='ocrx_word' id='word_1_311' title='bbox 1285 3863 1401 3925; x_wconf 84' lang='lat' dir='ltr'><strong><em>auoto-</em></strong></span> 
     </span>
     <span class='ocr_line' id='line_1_35' title="bbox 262 3959 1402 4044; baseline 0.006 -23"><span class='ocrx_word' id='word_1_312' title='bbox 262 3959 338 4022; x_wconf 80' lang='lat' dir='ltr'><strong><em>ritas</em></strong></span> <span class='ocrx_word' id='word_1_313' title='bbox 361 3976 422 4024; x_wconf 90' lang='lat' dir='ltr'><strong><em>uou</em></strong></span> <span class='ocrx_word' id='word_1_314' title='bbox 446 3961 536 4024; x_wconf 84' lang='lat' dir='ltr'><strong><em>tauto</em></strong></span> <span class='ocrx_word' id='word_1_315' title='bbox 554 3965 644 4040; x_wconf 86' lang='lat' dir='ltr'><strong><em>esset,</em></strong></span> <span class='ocrx_word' id='word_1_316' title='bbox 667 3964 698 4027; x_wconf 89' lang='lat' dir='ltr'><strong><em>iu</em></strong></span> <span class='ocrx_word' id='word_1_317' title='bbox 715 3961 880 4044; x_wconf 79' lang='lat' dir='ltr'><strong><em>propatulo</em></strong></span> <span class='ocrx_word' id='word_1_318' title='bbox 895 3965 960 4042; x_wconf 67' lang='lat' dir='ltr'><strong><em>est,</em></strong></span> <span class='ocrx_word' id='word_1_319' title='bbox 983 3979 1057 4027; x_wconf 84' lang='lat' dir='ltr'><strong><em>uem</em></strong></span> <span class='ocrx_word' id='word_1_320' title='bbox 1072 3962 1163 4026; x_wconf 83' lang='lat' dir='ltr'><strong><em>busta</em></strong></span> <span class='ocrx_word' id='word_1_321' title='bbox 1176 3963 1260 4044; x_wconf 78' lang='lat' dir='ltr'><strong><em>fiunt</em></strong></span> <span class='ocrx_word' id='word_1_322' title='bbox 1274 3965 1402 4028; x_wconf 79' lang='lat' dir='ltr'><strong><em>tuno-uli</em></strong></span> 
     </span>
     <span class='ocr_line' id='line_1_36' title="bbox 264 4063 1402 4148; baseline 0.006 -22"><span class='ocrx_word' id='word_1_323' title='bbox 264 4063 329 4125; x_wconf 81' lang='lat' dir='ltr'><strong><em>tem</em></strong></span> <span class='ocrx_word' id='word_1_324' title='bbox 362 4063 502 4146; x_wconf 88' lang='lat' dir='ltr'><strong><em>ineptum</em></strong></span> <span class='ocrx_word' id='word_1_325' title='bbox 537 4069 585 4130; x_wconf 90' lang='lat' dir='ltr'><strong><em>est</em></strong></span> <span class='ocrx_word' id='word_1_326' title='bbox 618 4082 712 4147; x_wconf 86' lang='lat' dir='ltr'><strong><em>quam</em></strong></span> <span class='ocrx_word' id='word_1_327' title='bbox 746 4066 784 4129; x_wconf 90' lang='lat' dir='ltr'><strong><em>dc</em></strong></span> <span class='ocrx_word' id='word_1_328' title='bbox 813 4065 893 4146; x_wconf 78' lang='lat' dir='ltr'><strong><em>ipsis</em></strong></span> <span class='ocrx_word' id='word_1_329' title='bbox 914 4067 936 4130; x_wconf 94' lang='lat' dir='ltr'><strong><em>i.</em></strong></span> <span class='ocrx_word' id='word_1_330' title='bbox 960 4083 985 4131; x_wconf 88' lang='lat' dir='ltr'><strong><em>e.</em></strong></span> <span class='ocrx_word' id='word_1_331' title='bbox 1015 4083 1122 4132; x_wconf 88' lang='lat' dir='ltr'><strong><em>eoram</em></strong></span> <span class='ocrx_word' id='word_1_332' title='bbox 1154 4083 1255 4148; x_wconf 86' lang='lat' dir='ltr'><strong><em>opere.</em></strong></span> <span class='ocrx_word' id='word_1_333' title='bbox 1295 4067 1402 4133; x_wconf 90' lang='lat' dir='ltr'><strong><em>immo</em></strong></span> 
     </span>
     <span class='ocr_line' id='line_1_37' title="bbox 265 4168 1402 4255; baseline 0.01 -29"><span class='ocrx_word' id='word_1_334' title='bbox 265 4181 335 4227; x_wconf 88' lang='lat' dir='ltr'><strong><em>cum</em></strong></span> <span class='ocrx_word' id='word_1_335' title='bbox 358 4171 501 4247; x_wconf 81' lang='lat' dir='ltr'><strong><em>petentes</em></strong></span> <span class='ocrx_word' id='word_1_336' title='bbox 523 4186 578 4251; x_wconf 91' lang='lat' dir='ltr'><strong><em>per</em></strong></span> <span class='ocrx_word' id='word_1_337' title='bbox 600 4169 694 4253; x_wconf 83' lang='lat' dir='ltr'><strong><em>longe</em></strong></span> <span class='ocrx_word' id='word_1_338' title='bbox 715 4169 857 4251; x_wconf 86' lang='lat' dir='ltr'><strong><em>tempore</em></strong></span> <span class='ocrx_word' id='word_1_339' title='bbox 878 4187 972 4252; x_wconf 91' lang='lat' dir='ltr'><strong><em>prope</em></strong></span> <span class='ocrx_word' id='word_1_340' title='bbox 991 4187 1028 4233; x_wconf 86' lang='lat' dir='ltr'><strong><em>eo</em></strong></span> <span class='ocrx_word' id='word_1_341' title='bbox 1049 4169 1126 4249; x_wconf 83' lang='lat' dir='ltr'><strong><em>loeo,</em></strong></span> <span class='ocrx_word' id='word_1_342' title='bbox 1149 4168 1205 4234; x_wconf 91' lang='lat' dir='ltr'><strong><em>ubi</em></strong></span> <span class='ocrx_word' id='word_1_343' title='bbox 1227 4188 1262 4234; x_wconf 88' lang='lat' dir='ltr'><strong><em>se</em></strong></span> <span class='ocrx_word' id='word_1_344' title='bbox 1284 4173 1402 4255; x_wconf 84' lang='lat' dir='ltr'><strong><em>sepul·</em></strong></span> 
     </span>
     <span class='ocr_line' id='line_1_38' title="bbox 265 4261 1403 4358; baseline 0.011 -27"><span class='ocrx_word' id='word_1_345' title='bbox 265 4273 332 4332; x_wconf 87' lang='lat' dir='ltr'><strong><em>tum</em></strong></span> <span class='ocrx_word' id='word_1_346' title='bbox 355 4269 394 4334; x_wconf 87' lang='lat' dir='ltr'><strong><em>iri</em></strong></span> <span class='ocrx_word' id='word_1_347' title='bbox 417 4276 625 4354; x_wconf 77' lang='lat' dir='ltr'><strong><em>sperauerant,</em></strong></span> <span class='ocrx_word' id='word_1_348' title='bbox 657 4273 819 4353; x_wconf 85' lang='lat' dir='ltr'><strong><em>uixisseut,</em></strong></span> <span class='ocrx_word' id='word_1_349' title='bbox 850 4273 1032 4358; x_wconf 85' lang='lat' dir='ltr'><strong><em>iiprofeoto</em></strong></span> <span class='ocrx_word' id='word_1_350' title='bbox 1062 4273 1107 4339; x_wconf 93' lang='lat' dir='ltr'><strong><em>ibi</em></strong></span> <span class='ocrx_word' id='word_1_351' title='bbox 1135 4261 1227 4339; x_wconf 79' lang='lat' dir='ltr'><strong><em>beista</em></strong></span> <span class='ocrx_word' id='word_1_352' title='bbox 1255 4277 1403 4356; x_wconf 85' lang='lat' dir='ltr'><strong><em>sepulcri</em></strong></span> 
     </span>
    </p>
   </div>
   <div class='ocr_carea' id='block_1_4' title="bbox 0 0 1476 4934">
    <p class='ocr_par' dir='ltr' id='par_1_4' title="bbox 0 0 1476 4934">
     <span class='ocr_line' id='line_1_39' title="bbox 0 0 1476 4934; baseline 0 0"><span class='ocrx_word' id='word_1_353' title='bbox 0 0 1476 4934; x_wconf 95' lang='lat' dir='ltr'><strong><em> </em></strong></span> 
     </span>
    </p>
   </div>
  </div>
 </body>
</html>
