2934 4934
211 373 276 442 338
513 403 517 412 ·
571 369 683 438 Magni
701 369 829 423 Telieis
847 368 981 422 Ennedi

213 563 365 649 pudicitia
387 562 511 630 iuuenis
534 559 596 627 mei
619 561 695 646 quid
717 561 856 643 loquuti·
871 561 907 626 in
922 577 982 643 que
1004 560 1135 626 demum
1155 560 1218 626 sibi
1239 560 1345 625 statu·

212 669 281 734 erat
295 666 425 733 uastitas
440 667 473 731 et
486 665 680 733 eontineutia
694 663 817 730 radiues
831 662 942 729 linerat
956 665 991 729 in
1005 662 1220 747 profundum?
1240 663 1346 728 uirum

213 789 247 837 se
269 786 337 838 esse
359 771 421 836 nisi
443 789 498 852 per
519 767 706 852 patientiam
725 767 844 833 laberis
865 767 1048 854 ignorabat:
1072 785 1197 833 earnem
1219 767 1344 846 habere.

214 875 275 940 nisi
306 891 378 940 eum
408 864 595 940 meriturum
617 887 651 938 ee
672 886 740 938 esse
762 873 966 947 meminerat,
997 869 1166 938 neeeiebat.
1199 870 1347 954 quotiens

214 979 319 1044 temen
339 976 432 1042 illum
454 991 617 1060 eerporens
639 976 810 1057 adpetitus,
832 976 913 1040 deut
935 978 975 1042 ab
997 974 1066 1058 ipse
1089 971 1194 1052 diditi,
1217 973 1346 1041 ludebat
1365 993 1378 1034 s

212 1079 402 1164 imaginibus
436 1082 637 1156 somniorum,
671 1076 745 1146 iliae
772 1079 812 1144 ad
833 1073 962 1163 uigiliam
993 1083 1127 1156 sanetas,
1161 1079 1346 1144 continuata

212 1184 340 1262 ieiunia,
356 1184 460 1250 standi
476 1177 894 1248 diutissimeneeessitatem
909 1182 1004 1264 plena
1017 1181 1170 1249 auiditate
1184 1180 1343 1260 currebat,

212 1289 369 1370 talemque
393 1287 537 1352 bellatrix
564 1287 692 1352 dextera
714 1285 838 1352 animae
859 1286 925 1351 suis
946 1286 1173 1352 certaminibus
1194 1283 1344 1350 reddebat

212 1409 348 1467 earnem,
373 1394 407 1456 ut
429 1389 479 1456 illi
502 1407 578 1472 epus
600 1393 682 1456 esset
702 1387 814 1474 pestes
833 1407 890 1472 pre
912 1388 1100 1454 necessitate
1115 1389 1265 1454 sueenmi.
1288 1383 1345 1453 nee

212 1499 318 1562 tamen
351 1493 469 1560 reieete
497 1490 680 1576 eerpnseulo
707 1489 895 1577 indulgebat
922 1491 1005 1558 etie:
1038 1493 1188 1558 utebatur
1210 1492 1377 1558 leetieneu

212 1596 418 1678 moreque,
451 1597 603 1663 librorum
633 1594 860 1662 uenerabilium
889 1612 944 1677 pro
976 1594 1202 1662 blandimentis
1225 1596 1345 1662 metru-

212 1701 320 1768 meuta
347 1701 528 1783 suseipiens.
568 1699 751 1766 memoriter
787 1697 886 1765 semel
915 1701 1094 1767 transcursa
1127 1698 1282 1765 reddebat
1314 1705 1345 1765 et

213 1821 252 1868 ne
284 1805 461 1870 crederetur
497 1802 724 1886 seripturarum
764 1802 942 1870 diuinarum
978 1802 1142 1870 tramitem
1176 1802 1345 1870 uerborum

213 1907 429 1974 tantummode
466 1906 627 1972 eeleritate
664 1906 891 1983 transuolasse,
928 1903 1082 1990 pingebat
1117 1905 1240 1974 aetibns
1278 1906 1344 1972 suis

213 2010 360 2094 paginam
382 2028 477 2092 qnam
499 2009 640 2093 legisset.
677 2009 705 2072 si
728 2009 880 2092 propbeta
901 2007 1013 2076 luisset
1034 2010 1069 2076 in
1092 2008 1251 2088 manibus,
1273 2026 1375 2094 pre-u

215 2112 400 2194 pbetantem
422 2113 546 2178 uideres
569 2112 674 2178 eediee
695 2112 810 2178 emisse
833 2112 998 2178 lentorem:
1031 2113 1060 2177 si
1082 2113 1268 2180 testamenti
1289 2131 1344 2178 ue-

214 2214 292 2280 teris
313 2215 521 2282 reeensuisset
550 2217 727 2293 uelamina,
753 2215 853 2300 Moysi
882 2216 996 2301 dgnus
1021 2217 1198 2284 aemulatur
1219 2217 1344 2284 ineede-

214 2320 279 2395 bat‚
313 2319 479 2386 taliterne
511 2319 537 2384 si
568 2319 661 2384 illum
696 2319 894 2386 Israhelitiea
928 2339 985 2403 per
1018 2320 1177 2386 desertum
1215 2319 1344 2404 agmina

214 2424 430 2502 sequerentur:
465 2423 492 2486 ei
521 2422 728 2504 apostolieum
756 2424 806 2488 lae
833 2423 999 2489 uerborum
1020 2425 1054 2488 et
1074 2423 1140 2489 mel
1167 2421 1344 2490 dominieae

213 2524 367 2606 passionis
389 2525 589 2592 seueritatem
605 2527 685 2610 legis
701 2525 850 2592 nendiens
868 2524 1026 2608 scripture
1046 2525 1139 2592 index
1159 2526 1379 2604 maereret·

212 2627 360 2708 eentinue
383 2647 419 2694 er
440 2629 612 2713 meipsius
635 2629 776 2694 duleiera
791 2628 874 2694 buis
890 2628 985 2694 uerba
997 2628 1164 2697 fluxerunt.
1186 2630 1344 2710 postremo

213 2728 287 2814 quid
308 2730 382 2796 libri
403 2730 592 2810 docuissent,
618 2731 685 2798 nita
707 2730 905 2816 signabatur.

254 2851 390 2918 Dumnm
413 2851 521 2918 taliter
550 2854 676 2936 regebat
698 2850 865 2931 ecelesiae,
894 2853 932 2915 nt
952 2869 1011 2917 nee
1031 2851 1211 2934 profusione
1232 2852 1344 2918 imme

211 2956 320 3020 derata
336 2956 536 3022 nemmissem
550 2973 665 3037 penum
680 2955 859 3021 exhauriret
874 2969 931 3020 uee
945 2953 1018 3020 odia
1032 2956 1170 3020 sordenti
1184 2953 1344 3036 paruitate

164 3141 169 3154 „
212 3058 421 3124 subtraberet.
458 3049 716 3125 intarbessieunm
738 3057 837 3124 etiam
857 3059 934 3123 tune
949 3057 1123 3123 eertamina
1144 3057 1382 3139 proludebat.-

212 3175 286 3224 nam
316 3158 506 3244 ubicumque
535 3179 591 3244 pre
619 3162 768 3226 remediis
789 3162 972 3228 miserorum
995 3160 1133 3243 episeopi
1155 3160 1345 3227 mittebstnt

212 3263 358 3346 imperio,
389 3267 479 3330 tenta
501 3265 644 3349 exigebat
667 3263 854 3330 benefitium
876 3266 943 3328 arte
966 3264 1180 3347 supplicandi,
1213 3268 1250 3332 ut
1270 3283 1344 3331 sen·

212 3367 307 3431 tirent
329 3365 392 3432 sibi
413 3367 447 3431 in
470 3370 572 3432 eeusis
602 3365 756 3450 proluisse
786 3367 983 3449 conplurimi
1016 3370 1121 3449 ipsum
1143 3385 1198 3450 per
1220 3387 1254 3433 se
1275 3368 1345 3451 epi·

210 3486 339 3554 seopum
369 3487 430 3536 nen
460 3469 594 3539 uenisse.
634 3469 810 3558 augebatur
836 3473 920 3536 eirea
940 3489 1012 3536 enm
1034 3488 1090 3551 per
1113 3469 1179 3538 dies
1202 3472 1345 3556 singulus

265 3745 277 3798 l
302 3745 401 3798 donum
426 3745 453 3798 T
552 3743 695 3800 tisberis
715 3743 876 3815 pedentim
900 3743 949 3798 Pb
1052 3743 1071 3798 4
1093 3744 1199 3813 quoties
1222 3743 1278 3798 TV

210 3831 228 3885 6
251 3831 315 3885 ilieo
333 3828 355 3898 (l
372 3832 487 3894 inrue>
505 3831 545 3898 B,
572 3829 646 3887 itlieo
667 3831 716 3887 Pb
820 3829 855 3886 lb
876 3830 983 3899 prelata
1004 3828 1062 3885 LV
1161 3829 1345 3899 pereuntem

211 3917 269 3974 LV
370 3917 403 3972 16
429 3915 529 3972 uideris
555 3919 583 3973 B
690 3917 726 3972 dd
751 3917 808 3986 ledi
835 3917 862 3974 T
961 3915 1035 3971 indix
1061 3915 1089 3970 B
1195 3917 1230 3970 al
1256 3916 1346 3972 um·

211 4008 292 4059 erunt
311 4001 335 4056 L
438 4003 474 4058 aa
491 4004 651 4092 signabatur
669 4005 704 4070 T,
733 4002 863 4074 signabat
879 4003 953 4060 Bell.
1054 4002 1090 4057 23
1112 4001 1224 4059 selerias
1245 4001 1274 4058 Β

211 4107 246 4163 24
262 4106 468 4164 demissamT'
537 4109 671 4165 mnrium
688 4109 716 4166 Β
808 4107 843 4163 26
860 4109 1019 4167 missurum
1036 4107 1101 4176 (mis
1118 4123 1153 4162 aa
1169 4107 1242 4164 mei?
1260 4114 1346 4178 ωπ.)

212 4193 240 4248 L
297 4234 299 4244 .
342 4193 377 4250 nt
394 4210 454 4250 arna
474 4193 500 4248 T
599 4194 634 4252 28
652 4195 942 4266 edplnrimi-neuiase
963 4195 989 4250 T
1002 4196 1035 4249 ies
1052 4191 1109 4248 raa.
1127 4209 1197 4248 cerr.
1297 4211 1347 4265 pet

210 4315 637 4386 selwe'sssinisemffl
740 4315 963 4370 abnormis
1066 4287 1213 4382 siguleffl
