2934 4934
436 364 674 435 Epistularum
700 366 789 422 liber
805 367 897 424 vmu

613 557 721 624 XIIII.

386 690 562 750 flutslulo
584 692 746 750 Ducunt)
765 691 959 750 Eunomus,

144 800 232 866 Dens
254 799 453 864 unouutcn
476 801 566 864 tuam
581 799 812 866 misedcordiae
832 817 909 866 suae
931 803 964 864 ot
985 802 1107 884 gratiae
1129 818 1234 884 prose·

103 908 216 986 quatur
238 899 429 985 insignibus,
453 899 507 984 qui
532 900 569 966 de
603 901 790 968 humilitate
820 919 980 967 mearam
999 903 1096 968 amici
1117 902 1235 969 faciens

81 1004 244 1089 sdignarie
277 1021 344 1070 esse
376 1003 531 1070 sollicitus
569 1009 601 1068 et
635 1023 685 1069 me
717 1023 865 1088 meosque
896 1007 1057 1087 promittis
1077 1005 1232 1088 peculiari

100 1107 267 1175 allectione
290 1109 321 1172 te
344 1107 453 1173 colere.
488 1109 562 1186 scio,
586 1109 660 1190 quia
681 1110 757 1176 deus
779 1109 932 1194 propitius
947 1108 1009 1173 tibi
1030 1110 1077 1174 sic
1096 1111 1233 1196 gratiam

101 1211 216 1278 inuicti
239 1211 389 1294 principis
405 1209 548 1290 contulit,
572 1215 608 1278 ut
624 1212 788 1278 humilitas
799 1211 1013 1278 ecclesiastiea
1029 1229 1092 1277 non
1105 1212 1234 1298 periret

98 1333 183 1392 nere,
219 1315 331 1381 domne
353 1313 489 1396 Helpidi,
524 1315 552 1380 si
579 1314 728 1400 dignatur
750 1317 820 1399 pius
842 1333 895 1381 rex
919 1317 957 1379 de
977 1332 1067 1381 seruo
1091 1331 1146 1382 suo
1168 1335 1234 1382 esee

98 1418 270 1497 sollicitus,
286 1422 323 1483 tu
338 1415 454 1494 iecisti,
470 1417 558 1484 cuius
573 1417 678 1484 animo
696 1419 803 1484 nullus
818 1419 989 1484 amicorum
1006 1419 1108 1484 uicem
1121 1420 1235 1502 poterit

67 1539 277 1604 rorepensaro.
323 1519 405 1586 scias
439 1539 488 1584 me
522 1523 629 1587 tamen
659 1521 774 1587 cotidie
803 1522 926 1586 dinmsa
948 1520 1057 1604 adfligi
1079 1521 1234 1604 qualitate

99 1627 293 1700 morborum,
316 1621 362 1688 ita
384 1625 421 1687 ut
443 1627 480 1688 de
502 1624 571 1690 uita
592 1625 764 1708 desperem.
787 1642 861 1710 rogo
884 1628 988 1690 tamen
1011 1625 1126 1692 honore
1148 1625 1233 1692 salu·

99 1726 231 1794 tationis
255 1729 394 1811 accepto.
424 1729 460 1792 ut
486 1728 637 1793 domnum
659 1729 811 1794 Faustum
835 1733 866 1794 et
888 1727 969 1794 lilios
992 1728 1090 1812 ipsius
1113 1747 1234 1794 memor

98 1832 222 1896 animae
251 1831 322 1896 tusc
351 1830 514 1897 sinceriter
543 1831 655 1918 diligas
685 1835 716 1896 et
744 1849 800 1914 pro
828 1849 900 1896 mea
929 1831 1048 1912 anime,
1080 1835 1233 1914 quantam

97 1935 277 2016 praeualcs,
299 1950 387 1999 orare
409 1951 471 1999 non
495 1951 612 2012 cesses,
643 1933 718 2018 quie
745 1951 809 1998 non
830 1937 982 2001 remansit
1004 1935 1037 1999 in
1058 1936 1129 2000 luce
1152 1936 1234 2017 quod

68 2057 234 2122 asperam.
279 2053 353 2122 rogo
377 2037 492 2114 etiam,
523 2038 559 2102 ut
581 2057 630 2102 mo
653 2036 812 2120 frequenti
834 2039 971 2122 digneris
993 2040 1131 2122 alloquio
1153 2041 1186 2104 et
1206 2041 1234 2106 si

99 2143 235 2206 domnus
270 2141 377 2206 noster
409 2139 449 2204 ad
470 2139 628 2224 Liguriam
659 2145 811 2206 uenturus
841 2144 889 2206 est
911 2141 1058 2207 intimare
1079 2160 1233 2225 procures

634 2325 702 2391 XV.

443 2444 627 2502 ENNODIVS
652 2447 888 2502 suspirarunt.

141 2553 230 2619 Bene
261 2559 308 2619 est
336 2553 442 2620 animo
465 2571 551 2633 meo,
576 2554 656 2636 quod
678 2555 846 2637 grauatum
868 2556 991 2638 peccati
1013 2557 1097 2622 fasce
1120 2557 1232 2622 memi-

66 2658 195 2726 ronistis
218 2661 251 2722 et
274 2659 356 2722 inter
377 2656 450 2722 illas
471 2657 554 2722 sacri
577 2657 710 2740 pectoris
733 2675 835 2740 curae,
859 2659 1013 2739 qnantum
1027 2659 1177 2740 epistolae
1193 2660 1233 2725 ad

98 2760 252 2826 domnum
276 2759 431 2825 brienum
453 2759 627 2825 destinatae
651 2759 875 2840 manifestant,
900 2779 1046 2844 personae
1067 2781 1157 2828 meae
1171 2781 1233 2828 non

99 2865 235 2946 emergit
257 2864 384 2929 obliuio.
430 2864 628 2947 deogratias
662 2880 730 2948 ago,
761 2864 815 2945 qni
849 2883 903 2945 per
936 2864 1109 2929 indebitam
1133 2865 1233 2931 delin-

100 2967 273 3049 qnentibne
297 2966 496 3032 clementiam
524 2967 619 3030 solita
647 2965 848 3031 miseratione
872 2967 1035 3046 succurrit,
1072 2967 1145 3032 dum
1180 2987 1232 3034 eos

99 3071 284 3136 sanctarum
308 3070 482 3134 animarum
506 3068 728 3135 intercessione
750 3072 915 3136 sustentat.
944 3071 1129 3150 concredo,
1151 3073 1232 3154 quod

66 3173 185 3241 ainter
211 3173 364 3238 orationes
387 3174 548 3238 deseratur
564 3191 658 3255 quem
674 3171 850 3239 nobilitatis
866 3173 1011 3256 alloquio.
1033 3175 1136 3239 saluto
1159 3193 1232 3259 ergo

99 3275 285 3342 bumilitate
307 3295 369 3360 qna
391 3278 518 3360 dignum
544 3282 593 3343 est
615 3278 648 3342 et
669 3293 754 3360 rogo,
778 3277 816 3340 nt
837 3277 887 3342 illi
904 3277 1034 3344 adsidua
1055 3278 1232 3344 orationum

99 3379 224 3445 donetis
246 3379 406 3465 sutfragia,
431 3397 524 3462 quem
547 3379 857 3445 commemorationis
877 3381 1009 3464 pascitis
1033 3382 1187 3447 ubertate.

151 3567 246 3623 xmu
281 3566 430 3637 lhilpidio
448 3565 588 3621 ΒΒΡΤῑ7
681 3566 752 3621 disci
769 3565 797 3620 Β
896 3566 1013 3620 itacios
1030 3567 1059 3619 B
1156 3568 1232 3621 tti-

98 3671 196 3724 gnares
218 3655 247 3709 Β
351 3656 379 3708 et
402 3653 453 3722 mc]
478 3669 520 3706 me
543 3669 599 3738 esee
617 3655 645 3707 et
669 3651 697 3708 B
799 3668 924 3722 meosque
947 3652 975 3707 Β
1076 3654 1232 3708 treaclere

100 3759 127 3809 Τ
226 3755 308 3811 sitT
409 3755 640 3812 laecdesiaetica
664 3755 691 3810 Β
737 3825 745 3852 t
794 3754 933 3826 Shilpidi
952 3755 1038 3823 ΡΝ,
1065 3753 1178 3824 hilpidis
1196 3754 1233 3818 B,

96 3860 216 3944 nhilpidi
235 3860 262 3914 L
357 3859 391 3913 10
408 3859 523 3913 cotidiae
542 3859 569 3914 Β
664 3857 754 3913 adflioi
772 3859 801 3912 Β
896 3859 929 3914 11
947 3857 1081 3928 desperem
1099 3857 1151 3923 Pb,
1171 3857 1232 3910 ‘dis-

95 3979 186 4033 perem
214 3963 325 4018 BLTV
435 3963 468 4016 12
494 3961 603 4032 adrepto
631 3961 660 4015 Β
762 3961 836 4016 tilius
862 3962 890 4015 Β
1001 3961 1033 4014 13
1059 3959 1149 4014 anima
1173 3975 1232 4014 mea

97 4051 182 4106 Sim
289 4049 323 4104 14
349 4049 481 4119 praeualis
509 4048 536 4103 Β
639 4049 720 4102 cessis
743 4049 772 4101 B
875 4048 1004 4100 remansis
1028 4046 1057 4099 Β
1161 4045 1232 4114 quod

96 4137 170 4204 quod
187 4136 216 4191 Β
321 4137 354 4190 16
372 4135 406 4191 ad
423 4135 463 4205 Β]
482 4135 639 4205 alligariam
657 4133 685 4190 L
789 4135 909 4203 precaris
925 4134 954 4188 Β

149 4222 210 4278 XV.
243 4223 276 4278 ls
292 4223 424 4292 stephane
442 4223 470 4278 L
562 4223 597 4277 20
614 4223 739 4292 pectoris]
758 4221 905 4290 peccatoris
922 4221 950 4275 B
1044 4220 1077 4274 21
1095 4218 1232 4274 desfinatc

97 4308 154 4364 BL
250 4309 284 4363 25
302 4310 431 4364 orationis
448 4309 477 4365 Β
573 4310 606 4364 26
624 4324 691 4379 quea
710 4309 730 4376 (i
743 4312 827 4377 eras.)
845 4309 872 4362 L
967 4307 1000 4362 27
1018 4307 1134 4377 pascetis
1152 4305 1180 4360 B
