2934 4934
1085 423 1239 472 xxxxvn

105 591 252 672 semim
274 594 389 677 placet.
420 596 537 661 meires
560 595 743 677 plerumque
759 612 831 660 cnm
855 593 986 659 familiis
1008 593 1073 658 suis
1095 593 1130 657 in
1151 612 1237 660 exer·

106 697 172 762 sicu
194 697 292 762 fnisse
314 695 375 762 alio
397 697 490 762 innius
512 699 690 782 panegyrici
713 696 781 761 loeo
806 697 892 780 (268,
908 696 951 762 20
965 701 1112 761 oneratae
1124 696 1238 778 fetibus

104 803 223 864 matres
237 799 323 865 inter
334 799 484 883 familias
498 805 571 866 tuas
588 801 645 883 (sc.
659 805 724 886 regi
740 800 929 883 seruientem
944 818 983 865 en
995 801 1108 881 suast)
1126 799 1239 864 oblitae

103 920 198 967 00000
219 907 248 965 et
264 903 416 984 mederis
432 903 581 986 parandi
595 903 699 968 uictus
713 923 793 970 curo
806 904 1006 987 mmrooom)
1020 904 1179 970 discimus.
1196 940 1237 951 -

102 1003 180 1088 368,
197 1006 239 1071 12
252 1005 290 1072 in
311 1012 435 1087 quantu
448 1007 701 1072 remuneratam
722 1007 819 1072 huius
830 1009 954 1090 [001000
966 1008 1103 1089 suscipis
1116 1027 1181 1088 pro
1195 1010 1238 1072 tot

102 1108 234 1174 mulium
247 1109 388 1192 (mildms
399 1110 500 1193 codd.)
519 1129 737 1193 oppressorum
752 1110 895 1177 ltlrertcte
909 1109 1097 1176 troctcntis!
1111 1111 1149 1175 de
1162 1111 1238 1176 libe

102 1213 211 1278 randis
223 1215 308 1278 enim
319 1216 367 1280 eon
378 1214 507 1281 milibus
519 1217 712 1298 captiuorum
726 1215 842 1299 egitur.
858 1215 1015 1282 ablutinns
1025 1215 1132 1280 eutem
1143 1214 1238 1281 tiber-

101 1320 179 1394 tate,
201 1317 229 1382 si
244 1336 309 1399 pro
322 1321 365 1382 tot
379 1317 507 1383 milibus
529 1319 689 1395 scribitur,
714 1337 776 1384 non
799 1319 893 1384 hebet
915 1337 976 1401 qno
999 1321 1182 1402 explicetur.
1196 1357 1237 1368 -

12 1475 13 1498 ,
101 1420 179 1494 389,
202 1419 246 1486 26
268 1421 462 1486 interneciuo
483 1420 599 1502 fratris
617 1423 725 1504 furore
740 1423 930 1487 meretricius
945 1424 1119 1507 (constricti
1132 1423 1234 1504 codd.)

100 1524 209 1588 situm
233 1544 249 1589 e
270 1523 394 1590 sedites
421 1524 505 1601 suis,
534 1524 611 1588 dum
637 1525 738 1604 insert
759 1524 907 1606 faucibus
927 1526 1053 1609 uincto,
1081 1525 1236 1592 dissoluit.

100 1628 181 1693 licet
202 1627 340 1694 inuicem
362 1646 396 1693 ss
418 1629 532 1693 iratres
554 1629 676 1694 ederint
698 1631 872 1710 mntueqne
893 1629 941 1696 im
963 1629 1086 1695 incitati
1109 1630 1237 1714 inerint,

100 1730 331 1796 interneciuum
354 1733 460 1798 temen
482 1731 618 1797 furorem
641 1735 767 1797 tuntum
789 1731 979 1798 interfectori
1001 1738 1074 1815 epte
1095 1732 1233 1799 adscribi

12 1875 13 1884 κ
99 1836 203 1918 petet.
227 1871 269 1884 -
290 1835 364 1914 401,
390 1836 430 1900 13
453 1855 515 1916 per
540 1855 589 1900 me
615 1833 707 1916 tusca
729 1833 872 1916 splendet
896 1835 1106 1917 (splendorem
1128 1835 1235 1919 BLV,

98 1945 289 2040 0010010γᾷ
305 1956 343 2039 Τ)
368 1955 568 2033 couscientia,
592 1955 630 2020 de
652 1973 712 2038 quo
736 1958 802 2022 loce
823 1957 906 2023 infru
923 1975 1083 2041 03010.-
1098 1957 1172 2034 408,
1198 1959 1237 2024 16

100 2080 178 2125 cum
209 2057 369 2124 anstum
398 2063 427 2122 et
448 2057 611 2123 Auieuum
706 2059 824 2125 culicis
854 2059 1016 2125 districtos
1045 2061 1237 2142 (districtum

100 2165 208 2244 codd.)
239 2165 341 2227 teneat
368 2181 438 2227 sors
465 2162 603 2228 secundo
631 2163 783 2228 comitiis.
821 2167 950 2248 uterque
978 2170 1048 2230 tum
1070 2166 1237 2232 Renermm

101 2267 298 2334 morobaiur.
321 2303 362 2314 -
385 2265 459 2346 413,
481 2265 525 2331 20
547 2267 602 2346 qui
619 2266 778 2347 peccandi
798 2268 940 2348 fomento
962 2268 1236 2349 1010110010-

97 2369 215 2452 mulum
247 2370 342 2432 morti
376 2369 499 2452 (mortis
528 2371 627 2448 codd.)
661 2369 814 2454 inminuit.
838 2407 879 2418 -
902 2371 976 2452 428,
1009 2374 1025 2436 l
1059 2371 1234 2458 (Christus)

98 2476 230 2557 fractos
251 2471 394 2537 Romani
415 2473 557 2538 nominis
577 2473 663 2538 uires
678 2475 800 2557 artifici
816 2473 937 2539 medela
952 2474 1069 2540 solidat
1086 2474 1236 2557 (solidato

102 2576 225 2659 codd).
246 2611 288 2623 -·
301 2575 376 2660 429,
401 2576 441 2642 15
463 2580 492 2640 te
509 2575 657 2657 praeunte
677 2578 812 2660 factem,
834 2597 874 2641 ne
888 2577 1059 2643 sacerdotes
1072 2579 1238 2644 ministros

100 2679 262 2761 acciperet
291 2680 386 2761 furor
417 2680 542 2744 01100οε
573 2697 629 2744 uec
662 2683 809 2744 ruentum
843 2682 913 2763 (nec
945 2685 1088 2746 ruentem
1120 2682 1163 2766 B,
1197 2703 1237 2747 nc

99 2785 253 2846 crroentoe
285 2781 366 2863 rell.)
405 2781 628 2865 imminuent
658 2783 850 2864 pontificum
882 2784 1039 2848 sententia
1073 2785 1235 2850 mititoret.

101 2883 287 2970 pontificum
311 2885 468 2950 sententie
489 2889 537 2950 ost
556 2886 667 2969 synodi
689 2884 858 2971 decretum,
882 2904 942 2969 quo
964 2905 1004 2951 ne
1026 2886 1112 2951 inror
1133 2887 1237 2970 ponti·

101 2989 209 3069 ficum,
232 2988 286 3070 qni
308 2986 534 3071 Symmachum
556 2989 695 3074 aggressi
717 2991 800 3065 sunt,
829 2993 1005 3074 augeretur,
1033 2991 1154 3055 fuctum
1177 2994 1235 3056 est.

104 3129 141 3142 -
162 3091 238 3170 446,
262 3092 283 3156 9
304 3090 442 3172 deutero,
466 3092 590 3173 inpasti
612 3093 716 3157 oneris
737 3092 1107 3180 commeministis
1122 3093 1236 3176 codd).

101 3195 264 3280 praecedit
297 3194 381 3259 enim
414 3195 538 3278 crinem,
571 3215 667 3280 niens,
699 3198 788 3278 fusce
816 3195 963 3277 depressa
990 3197 1171 3279 inperitiae.
1196 3237 1232 3249 -

101 3299 178 3382 451,
203 3297 221 3362 1
244 3297 388 3380 fornacis
415 3297 559 3380 beneficio
579 3297 618 3362 de
645 3298 814 3363 lotentiam
840 3299 954 3381 fetidus
975 3319 1132 3365 umsorum
1153 3301 1238 3382 quod

101 3404 139 3467 in
167 3399 264 3465 solidi
296 3401 416 3466 transit
445 3402 577 3482 speciem
603 3403 690 3484 ferro
717 3401 868 3467 domotclr
898 3406 929 3466 et
947 3404 1046 3484 effera
1072 3403 1237 3469 loomirmm

102 3505 201 3571 cordo
216 3503 379 3568 domitrice
393 3503 567 3585 adfectione
582 3504 737 3586 continet.
760 3504 839 3570 fuleo
858 3506 945 3587 ferro
959 3508 992 3571 in
1006 3507 1089 3588 ferri
1103 3509 1235 3574 mutnui.

104 3626 178 3673 nem
201 3624 266 3673 non
287 3607 326 3673 de
347 3609 445 3674 solido
468 3607 559 3687 ferro,
583 3609 637 3673 sed
659 3608 697 3673 de
718 3607 813 3673 solidi
834 3610 934 3691 specie
955 3611 975 3675 i.
997 3629 1024 3675 e.
1048 3612 1086 3675 de
1109 3630 1236 3678 nummo

104 3729 198 3776 nureo
229 3728 330 3776 sermo
353 3712 419 3792 est,
452 3712 505 3794 qui
527 3711 663 3778 tornecis
691 3711 838 3778 beneficio
861 3731 898 3778 ex
918 3714 1054 3779 medellis
1076 3715 1127 3793 fit,
1158 3734 1237 3798 qnne

105 3814 214 3879 ferreis
242 3813 464 3879 instrumentis
487 3814 525 3879 de
549 3814 719 3880 latentibus
748 3815 836 3880 uenis
864 3816 964 3883 excise
985 3821 1074 3896 sunt3
1109 3837 1237 3886 nummo

105 3921 211 3985 antem
239 3917 383 3982 homines
416 3918 583 3982 domentur
605 3919 659 4000 qui
682 3919 829 4001 pecunius
853 3919 1009 3986 affectent.
1033 3959 1074 3969 -
1097 3922 1172 4002 414,
1197 3924 1238 3989 14

106 4039 225 4086 nmesse
253 4024 299 4085 cst
332 4021 440 4102 optari
473 4020 556 4102 qntod
584 4021 711 4114 modum
738 4022 835 4104 ponit
862 4023 1077 4088 amaritudmi
1102 4027 1237 4110 (omori-

107 4125 231 4190 tudinis
253 4123 354 4206 oodd.)
379 4161 421 4172 -
442 4124 516 4204 419,
540 4125 581 4190 22
615 4143 681 4189 non
713 4125 772 4191 rme·
804 4125 944 4191 licuisset
974 4125 1079 4192 domos
1105 4129 1237 4194 ultimos

100 4245 162 4308 pro
183 4227 315 4293 obducti
339 4227 488 4309 (01010010
510 4227 609 4309 codd.)
639 4228 679 4294 01
702 4228 840 4294 modus
855 4230 1006 4312 piqnoris
1027 4231 1237 4317 1010000000-

107 4329 190 4396 tione
212 4329 398 4396 distrahere.
429 4331 602 4415 redemptio
620 4332 757 4400 abducto
771 4333 864 4400 nihili
879 4335 937 4400 cst.
967 4335 1006 4400 de
1021 4336 1236 4420 redemptione
