2934 4934
253 371 316 438 528
613 364 727 433 ldagni
746 363 871 418 Felicis
888 361 1022 416 Ennodi

253 565 284 625 et
307 559 423 642 ubique
446 559 549 623 metus
573 557 631 634 est,
655 555 779 638 quando
801 554 908 620 nullus
929 555 963 618 in
985 552 1135 618 solacium
1157 553 1276 618 deserti
1289 571 1384 618 sonns

254 663 390 728 auditur.
424 663 478 727 sed
500 665 526 727 si
540 679 688 726 aurarum
704 658 807 724 sibilis
822 658 968 724 arborum
982 674 1089 722 comae
1104 657 1229 740 linguae
1244 656 1385 739 speciem

253 766 447 831 mentiantur
464 766 495 829 et
511 764 631 830 ridente
646 761 803 828 frondium
818 763 907 826 motu
922 759 1058 844 appellet
1072 761 1229 826 bominem
1244 760 1383 826 incunda

253 870 420 948 concussio,
443 866 606 952 putabitur
628 865 842 934 ambientibus
864 865 966 930 latera
981 863 1118 930 coetibus
1141 864 1302 943 interesse,
1328 883 1385 930 neo

252 973 388 1056 aliquam
413 991 594 1039 aerumnam
615 969 715 1055 gemit
737 989 831 1057 quem
854 968 938 1034 inter
959 970 1079 1034 secreta
1101 987 1158 1033 sua
1178 969 1247 1050 ipsa
1269 971 1415 1034 naturas

252 1075 444 1158 quibuslibet
459 1073 622 1140 elementis
638 1071 818 1155 alloquitur.
835 1074 924 1137 iuuat
939 1073 1016 1136 tunc
1032 1071 1218 1137 exulationis
1231 1072 1383 1138 comitem

253 1179 392 1244 fistulam
426 1176 520 1242 labiis
555 1177 721 1241 admonere
752 1178 783 1239 et
813 1175 940 1240 datibus
973 1194 1027 1258 per
1064 1173 1232 1239 testudinis
1267 1178 1385 1240 rimosa

253 1281 399 1364 dispersis
433 1283 588 1363 quandam
622 1280 661 1344 de
695 1279 809 1361 spiritu
838 1284 869 1343 et
900 1297 978 1344 aura
1010 1296 1182 1363 conponere
1216 1281 1384 1346 rationem.

251 1389 328 1450 tunc
343 1384 560 1450 Palaemonem
583 1401 674 1448 suum
689 1383 805 1448 rudens
822 1384 853 1446 et
876 1380 1063 1448 infabricata
1083 1382 1192 1467 lingua
1213 1385 1384 1467 conpellat.

251 1493 328 1556 tunc
357 1495 501 1554 numerat
530 1489 653 1571 quantis
682 1505 807 1552 seruare
835 1487 939 1552 caulae
965 1487 1008 1552 sit
1030 1506 1106 1573 opus
1128 1488 1280 1566 excubiis,
1306 1495 1416 1553 tnncn

251 1592 441 1675 multiplices
471 1591 617 1676 luporum
647 1591 776 1656 insidias
807 1608 883 1672 quas
913 1592 999 1656 acuit
1027 1591 1127 1656 fames
1148 1593 1307 1676 magistra
1329 1611 1385 1657 en-

251 1696 365 1778 spirat,
389 1699 465 1761 tnnc
486 1696 520 1760 in
542 1711 716 1760 sermonem
739 1694 824 1758 cadit
845 1694 994 1777 quicquid
1025 1694 1195 1760 efflauerit:
1230 1695 1330 1762 buius
1353 1717 1386 1763 se

251 1800 355 1878 solari,
378 1799 471 1864 buius
495 1799 608 1864 nititur
629 1798 767 1864 mulcere
791 1798 932 1879 collegio.
966 1796 1016 1861 cui
1038 1797 1117 1863 talia
1138 1798 1247 1884 agenti
1264 1801 1294 1864 ei
1311 1801 1384 1882 quis

251 1903 512 1968 sermocinantem
542 1901 655 1967 fidibus
685 1900 838 1967 citharam
860 1902 971 1966 doctus
994 1904 1158 1967 admoueat
1179 1907 1213 1968 et
1234 1904 1386 1986 loquacia

251 2005 303 2071 fila
325 2006 440 2071 inrisor
461 2003 601 2070 urbanus
625 2004 778 2088 adportet,
802 2005 837 2070 in
859 2004 991 2087 ancipiti
1014 2008 1062 2070 est
1077 2005 1152 2088 quid
1174 2007 1273 2090 eligat
1296 2011 1416 2075 nudas

251 2109 453 2193 simplicitas,
485 2107 558 2174 dum
587 2109 673 2192 lyrae
701 2109 804 2174 taetus
826 2109 900 2173 lieet
921 2107 1097 2173 errantibus
1120 2108 1231 2193 digitis
1253 2111 1386 2178 dulcem

251 2215 282 2278 et
304 2212 358 2295 qui
380 2213 519 2277 enimam
548 2211 673 2294 frangat
702 2213 854 2295 crepitum
883 2209 994 2276 reddit.
1034 2213 1121 2278 nefas
1145 2218 1251 2279 tamen
1273 2221 1386 2297 putat,

249 2318 276 2382 si
299 2317 393 2382 ebeni
417 2318 536 2381 tractus
558 2315 662 2398 lepore
690 2317 842 2397 propositi
865 2317 985 2384 auitam
1006 2319 1108 2383 discat
1128 2319 1299 2384 scientiam
1323 2337 1387 2384 non

250 2437 364 2499 amere,
382 2422 427 2497 ut,
443 2422 518 2484 dum
533 2419 663 2484 infrenis
678 2419 816 2485 ambitus
832 2420 1014 2486 rusticantis
1030 2421 1192 2486 doctrinae
1207 2423 1386 2489 terminum

251 2542 312 2589 non
335 2524 474 2600 metitur,
498 2523 692 2606 superiorum
714 2523 829 2590 effectu
847 2527 879 2588 et
894 2524 1009 2606 ipsese
1031 2524 1195 2607 possibilia
1210 2525 1387 2610 intellegat
1396 2555 1417 2590 :a

249 2627 459 2708 perditurum,
490 2644 561 2692 eum
589 2627 782 2692 nescientem
810 2628 886 2709 quid
909 2627 1012 2693 ualeat
1035 2629 1208 2712 mapalium
1230 2629 1388 2696 alumnus

250 2730 318 2814 ipsa
346 2731 493 2812 paternae
515 2729 725 2795 institutionis
748 2729 947 2796 mediocritas
976 2733 1067 2813 quasi
1090 2735 1217 2797 externa
1240 2736 1388 2800 contem·

251 2834 312 2897 nat.
349 2851 409 2898 non
437 2833 533 2898 aliter
562 2851 627 2910 me,
661 2833 712 2897 uir
744 2834 953 2914 amplissime,
987 2835 1069 2899 inter
1102 2837 1240 2902 maxima
1270 2839 1387 2904 curiae

250 2936 351 3002 sidera
367 2937 574 3020 conputande,
598 2935 689 3002 iubar
705 2936 879 3015 facundiae,
902 2937 1098 3019 ingeniorum
1112 2939 1249 3016 flamma,
1270 2942 1389 3025 splen·

251 3039 305 3103 dor
338 3040 541 3122 eloquentiae,
577 3038 749 3105 dictionum
784 3057 904 3124 censue,
939 3059 993 3123 per
1027 3060 1189 3107 nemorum
1222 3041 1319 3110 inuia
1350 3049 1418 3110 eda

250 3143 349 3207 instar
382 3142 548 3225 pastoralis
584 3142 708 3208 fistulae
746 3161 824 3225 quae
857 3143 966 3208 uiliter
1002 3149 1168 3210 narrantur
1204 3146 1387 3214 oblectant.

302 3329 440 3432 sepiem
458 3366 486 3420 n
589 3367 745 3437 supponit
768 3367 796 3420 n
897 3367 1012 3422 laune·
1035 3368 1138 3424 nnnc
1241 3370 1390 3427 amn„-

249 3450 336 3504 cussio
360 3451 399 3516 L,
428 3453 548 3508 confusio
571 3453 602 3510 E
701 3453 850 3522 putabatur
867 3453 906 3510 Ι,1
1010 3456 1097 3510 latera
1112 3455 1257 3510 coetitibue
1285 3460 1322 3526 V,
1350 3478 1389 3516 ee

248 3536 323 3590 tibus
341 3537 429 3592 latera
449 3540 479 3608 T,
508 3539 596 3593 latera
614 3539 644 3593 E
744 3542 761 3594 5
786 3557 923 3594 erumnam
946 3540 1087 3597 BLPTV
1163 3529 1203 3596 ”6
1220 3541 1388 3601 aelementis

249 3621 290 3686 Β,
318 3622 379 3677 aliis
402 3623 431 3690 b,
458 3641 508 3680 cen.
534 3625 615 3680 aitrau.
719 3625 796 3680 iubat
820 3627 848 3680 Β
951 3627 966 3680 7
991 3627 1116 3682 festulam
1138 3627 1179 3693 B,
1207 3643 1257 3684 om.
1287 3631 1324 3686 E

249 3725 446 3794 9palemenem
465 3728 529 3782 labri
615 3701 706 3818 uidem
724 3729 760 3792 13,
786 3731 896 3785 rudieb
987 3731 1017 3784 11
1036 3732 1116 3785 famis
1133 3731 1161 3785 Β
1251 3733 1288 3786 12
1310 3737 1390 3790 cedet

249 3829 277 3884 Β
367 3831 499 3903 quidquid
516 3833 543 3886 Β
640 3833 793 3889 illidetur
811 3835 849 3889 L¹
945 3834 1082 3904 cytharam
1100 3835 1128 3888 Β
1225 3837 1257 3890 15
1278 3847 1390 3908 eportet

250 3935 280 4001 Τ,
308 3939 432 4006 opportet
450 3937 480 3991 Β
564 3937 652 4008 elegat
669 3939 697 3994 Β
790 3940 823 3994 16
839 3939 939 4009 lyraei
952 3942 1027 3994 actus
1046 3939 1154 3994 BELT
1241 3941 1277 3995 17
1298 3913 1389 3999 amam

253 4024 284 4087 V,
312 4025 412 4079 nimam
430 4024 496 4078 EL¹
595 4025 687 4081 reddet
704 4026 732 4081 B
836 4027 869 4081 18
887 4027 983 4096 lepore]
1003 4042 1091 4081 amore
1110 4027 1192 4082 Sirra.
1308 4031 1389 4101 positi

249 4110 276 4165 B
378 4111 412 4166 ad
436 4112 521 4166 uitem
545 4113 585 4180 E,
613 4113 726 4169 amicam
746 4114 774 4168 P
797 4117 841 4182 (m.
859 4117 880 4168 2
897 4115 929 4167 ia
946 4115 1048 4185 mp.)b
1149 4114 1185 4167 22
1207 4117 1389 4188 contempnet
1434 4160 1435 4195 ζ

250 4199 367 4264 BELV,
397 4197 556 4255 condemnat
581 4201 627 4257 Pb
729 4203 764 4256 24
787 4201 877 4254 iurbar
900 4201 937 4254 L¹
1046 4202 1080 4256 26
1102 4202 1188 4255 inetur
1213 4201 1249 4256 ad
1277 4203 1321 4258 T¹
1434 4198 1435 4231 ³

250 4269 354 4358 u'outer
374 4306 406 4372 n,
434 4306 550 4361 uiriliter
567 4309 615 4362 rc
