2934 4934
587 366 701 437 Magni
719 368 849 423 Felicis
866 366 997 422 ltnuodi

767 609 822 674 VI.

314 796 436 853 nlcrro
459 794 599 851 ENNODI
619 792 772 851 DIACONI
790 796 938 863 QVANDO
956 796 1004 851 DE
1022 796 1123 853 Rosia
1140 795 1272 852 asom.

271 953 383 1020 Amica
416 953 464 1018 est
497 952 618 1019 homini
651 954 691 1018 ad
720 953 861 1037 genitale
894 955 998 1019 solum
1029 952 1202 1019 reuertenti
1234 970 1362 1034 semper

228 1058 380 1139 hilaritas,
405 1058 481 1123 dum
498 1058 611 1135 metus,
637 1074 850 1139 quoscumque
872 1057 902 1121 ei
923 1055 1136 1140 peregrinanti
1157 1073 1247 1121 mens
1268 1056 1362 1119 auxia

227 1160 366 1245 peperit,
389 1161 478 1244 quasi
501 1158 680 1243 praefinitos
703 1162 736 1223 et
758 1161 844 1225 caelo
865 1160 1017 1237 grauante
1038 1159 1206 1243 dispositos
1226 1175 1264 1221 se
1285 1175 1362 1221 sua-

227 1264 305 1331 sisse
340 1263 475 1330 confidit.
513 1264 644 1329 debetur
676 1281 749 1346 ergo
780 1280 842 1327 uox
870 1280 979 1327 serena
1009 1260 1166 1335 laetitiae,
1199 1278 1241 1325 no
1270 1264 1363 1325 muta

226 1368 342 1452 gaudia
368 1368 517 1433 moeroris
544 1365 716 1450 imaginem
745 1367 925 1431 sortiantur.
959 1366 1010 1430 cui
1035 1364 1120 1429 enim
1140 1366 1250 1445 pateat
1272 1365 1395 1428 exul-s

227 1473 324 1537 tantis
357 1470 455 1536 animi
488 1474 645 1537 secretum
684 1469 745 1537 nisi
778 1471 840 1535 oris
873 1468 962 1535 clauo
995 1468 1191 1533 reseratum?
1228 1467 1362 1532 reduces

227 1576 323 1639 etiam
345 1592 461 1659 cygnos
484 1575 543 1640 alis
564 1574 671 1639 ludere
689 1574 880 1638 Mantuanus
901 1571 1049 1637 adseruit.
1073 1571 1147 1653 quid
1162 1589 1221 1655 ego
1243 1570 1364 1636 faciam

226 1678 259 1742 in
290 1676 391 1741 medio
410 1675 636 1759 ‚deprehensus
671 1678 820 1756 abrupto,
849 1674 903 1757 qui
926 1676 959 1741 et
979 1676 1135 1758 regressui
1165 1690 1233 1739 meo
1262 1673 1363 1738 dcbeo

226 1779 352 1846 dicendi
388 1780 480 1847 fidem
516 1785 548 1847 ot
584 1779 741 1864 proposito
778 1777 906 1845 tacendi
947 1778 1195 1845 necessitatem?
1238 1777 1363 1857 secede,

226 1901 354 1966 quaeso,
390 1884 429 1949 ad
456 1887 598 1966 tempus,
628 1882 724 1949 officii
752 1899 883 1948 censum
914 1881 1083 1965 grauioris:
1120 1898 1293 1962 numquam
1332 1884 1397 1945 too

226 1987 397 2068 opportune
429 1986 554 2069 gaudiis
587 1985 751 2054 miscuisti.
798 1986 1022 2068 prophetarum
1057 1984 1267 2068 insignissimi
1303 1986 1365 2049 sub

227 2090 329 2171 logonr
352 2108 499 2155 uersuum
522 2090 617 2155 uerba
638 2089 816 2173 redigentes
838 2088 975 2154 carmine
998 2089 1223 2154 desideriosus
1237 2091 1271 2153 et
1285 2092 1365 2153 uota

228 2192 422 2257 cecinerunt:
455 2193 562 2259 diuino
591 2197 715 2276 pectora
746 2194 889 2259 dedicata
917 2191 1082 2275 conloquio
1104 2192 1234 2275 plectris
1256 2194 1363 2258 eccle·

226 2294 354 2361 siriatico
386 2313 440 2378 per
473 2296 603 2377 populos
639 2296 708 2361 iura
741 2296 928 2363 diuiserunt.
964 2314 1020 2361 cur
1049 2313 1105 2379 ego
1127 2295 1163 2360 in
1185 2293 1306 2361 ordinis
1331 2300 1364 2359 et

226 2399 333 2463 meriti
366 2398 557 2464 constitutus
591 2400 726 2465 infantia
763 2399 917 2465 aemulari
951 2416 1146 2465 summorum
1179 2396 1264 2465 boto
1298 2416 1397 2463 nonus

227 2501 386 2581 studeam,
422 2501 559 2568 maxime
583 2520 653 2569 cum
686 2503 832 2568 narrandi
859 2502 1066 2567 simulacrum
1088 2501 1200 2567 altaris
1221 2500 1363 2567 militem

227 2602 266 2669 ad
290 2603 470 2686 excipienda
497 2625 577 2689 quae
606 2610 717 2673 contra
745 2605 839 2672 fidem
868 2607 1019 2673 eueniunt
1046 2605 1129 2672 bella
1151 2604 1364 2671 conroboret?

226 2725 282 2773 noc
305 2706 453 2775 dubitabo
476 2708 580 2776 dicore
602 2712 683 2791 quod
698 2708 857 2791 praesenti
873 2714 997 2776 constat
1011 2710 1162 2792 exemplo.
1189 2707 1364 2773 didicimus

226 2810 292 2877 iam
314 2830 375 2894 quo
396 2811 522 2878 turbins
543 2830 598 2895 pro
621 2830 726 2877 amoro
748 2811 820 2878 fidei
843 2812 936 2879 basta
956 2811 1097 2879 iacienda
1111 2811 1163 2894 sit,
1187 2829 1288 2894 neque
1305 2830 1363 2877 nos

225 2915 355 2980 uirtutis
378 2915 478 2998 pretio
499 2915 551 2980 uel
574 2915 679 2981 titulis
702 2915 868 2981 mediocris
890 2916 1048 2983 conflictus
1070 2915 1218 2981 eleuauit.
1253 2912 1398 2980 dicamas

226 3036 299 3100 orgo
332 3017 432 3084 libens
467 3019 588 3085 musico
615 3019 689 3085 stilo
717 3019 834 3104 gaudia
855 3038 935 3100 mea,
969 3039 1101 3103 quorum
1134 3018 1365 3102 perfectionem

189 3184 191 3189 .
226 3120 370 3185 maximis
404 3122 555 3204 promitto
586 3142 635 3187 me
674 3124 731 3189 dso
761 3124 922 3190 adnitente
950 3124 1065 3207 eloquii
1101 3123 1191 3189 lituis
1227 3122 1365 3188 nuntia-

225 3222 343 3288 turum.
381 3224 550 3307 pulsabunt
579 3244 628 3291 me
657 3226 883 3293 oblatrantium
916 3245 1036 3293 uenena
1069 3227 1269 3311 linguarum,
1308 3228 1364 3291 sed

327 3430 342 3483 7
363 3429 397 3486 cd.
419 3428 520 3499 Vergil.
539 3428 705 3486 rsn.1406

277 3638 322 3693 rr.
353 3636 509 3694 nunoon
532 3636 593 3692 nr
704 3638 768 3693 nra
790 3639 831 3705 n,
863 3624 896 3694 b.
921 3636 1006 3693 nur
1118 3636 1165 3692 nu
1188 3654 1241 3693 aa
1265 3638 1295 3694 r

225 3721 393 3792 2bylaritas
411 3722 469 3777 EV
571 3724 736 3793 peregrinati
759 3724 871 3779 ELTV
971 3726 1144 3795 dgmuante
1163 3732 1193 3791 (u
1210 3739 1271 3795 arcp.
1292 3730 1366 3792 ras.)

225 3808 253 3864 B
343 3809 495 3865 dooniidet
513 3810 540 3863 Β
631 3810 777 3865 bmeroris
795 3811 862 3865 lubra*
953 3811 1079 3880 'lcignos
1096 3810 1162 3865 ison
1250 3818 1367 3868 mtu-

224 3910 289 3949 anos
307 3895 335 3951 B
423 3896 454 3949 11
467 3894 672 3965 oportunelsbn'
759 3896 904 3965 121egob
992 3898 1024 3952 14
1042 3912 1107 3966 ergo
1123 3896 1151 3952 L
1239 3896 1273 3951 15
1287 3914 1368 3953 cmu-

224 4016 277 4071 lsri
294 4016 379 4073 BEP
482 4018 515 4072 16
537 4018 693 4073 simulcrum
719 4019 747 4075 Τ
848 4021 881 4075 19
904 4020 1015 4075 iacendo
1032 4020 1060 4075 L
1161 4019 1257 4089 neque]
1277 4024 1367 4091 atque

223 4104 288 4170 fort.
394 4103 551 4173 repressio
570 4103 598 4159 B
701 4104 736 4159 22
754 4106 884 4160 maximus
901 4106 929 4161 L
1027 4121 1069 4161 ms
1086 4120 1137 4161 oro.
1160 4106 1187 4162 Τ
1285 4108 1368 4162 anui·

224 4226 299 4279 une
317 4225 380 4292 nor
407 4228 542 4281 mounes
558 4227 621 4295 nr,
648 4228 829 4281 mrumst
920 4193 983 4281 md
1003 4229 1064 4297 usq
1081 4228 1179 4296 ursos
1192 4227 1367 4291 osam.)

226 4310 257 4374 Τ,
286 4312 385 4381 eloquii
403 4311 491 4367 literis
510 4312 592 4368 Siron.
697 4315 854 4368 nuntiarum
872 4314 907 4379 L,
934 4314 1142 4370 iniciaturumb
