2934 4934
455 417 689 487 Epistularum
709 418 797 474 liter
813 420 861 475 VI.
1158 422 1219 489 163

103 603 258 671 adnuntia
281 606 363 690 quod
385 612 536 691 superest,
561 610 632 673 nale
655 611 687 673 et
700 610 845 675 omnibns
866 611 991 693 superni
1007 608 1122 677 fauoris
1136 612 1221 678 intus

103 707 223 774 auxiliis
249 710 388 775 familiae
409 714 483 776 tuae
504 711 543 776 de
564 711 699 794 peritiae
720 730 821 777 mesae
842 715 1001 795 responde.

589 898 727 967 XXIIII.

424 1031 609 1090 minema
625 1033 894 1090 ancnornnssen

84 1158 95 1197 s
139 1139 294 1221 Quamuis
321 1142 370 1205 ins
406 1140 580 1205 allectionis
611 1141 889 1225 consanguinitatis
917 1140 988 1225 lege
1020 1139 1224 1205 constrictum

101 1242 261 1326 regionum
276 1240 460 1325 prolimtate
474 1260 535 1308 non
545 1243 653 1326 pereat
667 1262 724 1308 nec
738 1244 849 1309 catena
863 1242 994 1326 generis,
1009 1261 1089 1326 quae
1104 1243 1223 1308 animas

100 1347 203 1424 nectit,
226 1347 386 1410 terrarum
401 1347 599 1430 separatione
614 1346 786 1424 diuidatur,
810 1349 948 1411 attamen
969 1344 1121 1428 pabulum
1143 1348 1223 1413 cari·

101 1450 171 1513 tatis
195 1451 246 1514 est
259 1452 315 1514 ant
329 1449 436 1514 nidere
453 1453 508 1517 ant
524 1449 625 1515 officio
641 1450 792 1515 sermonis
814 1449 970 1533 appellare
985 1466 1078 1531 quem
1093 1450 1221 1533 dilIgae:

100 1553 293 1618 nescirentur
315 1555 436 1617 secreta
464 1554 619 1618 mentium
640 1552 701 1618 nisi
724 1553 896 1637 proditione
921 1552 1110 1635 linguarum.
1149 1553 1223 1619 haec

72 1653 131 1719 oin
150 1675 211 1720 nan
235 1655 363 1720 uocauit
384 1656 566 1737 antiquitas,
590 1657 626 1720 nt
646 1656 713 1733 illa,
738 1674 815 1739 qnae
830 1655 1005 1739 pectoribus
1021 1656 1126 1722 clausa
1140 1658 1222 1737 sunt,

99 1777 155 1824 non
182 1760 329 1824 laterent.
375 1776 431 1841 ego
454 1756 589 1837 Gallias,
620 1778 699 1842 qnae
729 1760 833 1825 totum
861 1778 909 1822 me
932 1759 1059 1842 propter
1086 1777 1141 1823 uos
1163 1760 1224 1826 sibi

100 1864 270 1944 uindicant,
294 1863 321 1927 ai
343 1862 444 1927 oculis
467 1880 528 1927 non
549 1862 690 1945 inspicio,
713 1862 873 1927 affectione
890 1880 950 1926 non
968 1863 1083 1927 desero.
1107 1864 1224 1945 gratias

98 1969 203 2032 tamen
225 1966 437 2050 praesentium
467 1966 630 2048 perlatori,
664 1967 717 2048 qui
747 1964 942 2031 necessitatis
971 1983 1051 2039 snae,
1067 1966 1223 2030 occasione

98 2066 259 2134 desideriis
288 2070 368 2135 meis
390 2068 564 2154 praestitit,
596 2070 634 2134 ut
657 2070 737 2135 inter
761 2070 864 2133 aestus
886 2068 1076 2147 animorum,
1111 2068 1224 2151 quitus

69 2171 221 2238 rotainlus
249 2173 365 2255 deerat,
389 2172 531 2254 optatum
554 2171 716 2255 praeberet
731 2171 880 2237 officium.
904 2170 1044 2236 salutans
1066 2189 1138 2255 ergo
1161 2190 1221 2237 ser·

97 2275 174 2341 uitio
199 2274 307 2341 debito
329 2294 447 2361 precor,
470 2279 506 2340 ut
527 2276 661 2361 portitor
684 2273 830 2340 beneficii
851 2274 899 2339 sui
914 2275 1017 2339 uicem
1039 2274 1170 2359 recipiat
1192 2278 1224 2340 et

99 2379 149 2459 qni
180 2380 215 2444 in
236 2378 350 2462 gaudio
378 2397 447 2445 meo
478 2380 648 2463 opitulatus
676 2379 725 2443 est
752 2380 818 2444 suis
846 2377 930 2442 uotis
959 2378 1142 2443 restitutum
1168 2397 1224 2461 per

96 2500 144 2547 me
167 2482 279 2549 credat
306 2482 460 2548 effectum.

612 2637 711 2703 XXV.

67 2777 90 2817 ¹⁰
485 2770 669 2828 ENNODIVS
690 2770 836 2827 FAVSTO.

138 2878 206 2945 Scit
217 2879 402 2963 magnitudo
416 2881 523 2943 uestra
537 2896 597 2961 quo
613 2897 663 2943 me
678 2878 831 2943 honorent
845 2875 1030 2959 praeiudicio
1049 2874 1224 2940 studiorum

96 2979 277 3049 liberalium
309 2982 476 3047 sectatores
509 2983 670 3062 tamqnam
706 2999 773 3045 rem
805 2978 866 3044 siti
900 2978 1038 3043 debitam
1065 2996 1223 3043 commen·

97 3083 234 3150 dationis
257 3102 345 3149 meae
368 3084 488 3168 scripta
508 3088 677 3167 poscentes.
709 3084 742 3148 in
765 3102 822 3147 osu
846 3082 893 3145 est
914 3098 970 3145 uos
992 3080 1151 3165 beneficia,
1173 3100 1224 3145 me

97 3188 193 3253 uerte
229 3188 368 3253 conterre
398 3189 430 3253 et
460 3188 708 3270 magnitudinem
743 3204 847 3251 rernm
880 3183 1067 3251 desiderium
1099 3186 1224 3249 uincere

67 3292 297 3372 sportulantis.
313 3293 339 3355 ai
349 3290 444 3356 attis
454 3290 569 3355 muniis
582 3291 762 3373 temperem,
774 3290 861 3353 salom
872 3306 1037 3353 munerum
1049 3286 1224 3351 uestrorum

96 3395 197 3476 genio,
226 3411 284 3477 ego
307 3396 417 3458 uotum
438 3391 576 3458 beniuoli
598 3410 659 3457 non
682 3392 812 3459 habebo.
851 3390 987 3473 perlator
1014 3392 1224 3474 praesentium

151 3618 166 3671 1
184 3619 264 3672 intus
282 3614 369 3682 ΒΝ,
396 3616 486 3669 iustus
504 3615 562 3681 Bt,
591 3614 702 3668 adiutus
720 3613 811 3679 Sirra,
838 3615 927 3667 iussus
944 3612 1013 3667 cont
1032 3610 1157 3666 &lectae

148 3717 532 3777 maturescentes
632 3717 817 3771 taffeotionis
834 3717 876 3770 ius
893 3715 981 3772 ΜΨ
1078 3714 1224 3785 6proleri-

94 3806 155 3859 tate
172 3808 198 3861 Β
305 3803 429 3859 lncctet
447 3803 495 3859 Bt
599 3803 795 3859 tneeciuntnr
815 3800 897 3857 ΜΨ
1000 3800 1034 3856 10
1051 3801 1137 3855 clausa
1154 3802 1181 3857 L
1198 3801 1225 3869 (a

95 3896 176 3959 crae.)
289 3889 322 3943 12
345 3890 491 3945 nendicant
513 3889 540 3943 Β
568 3887 830 3961 (eorr.rcc.?)1't
936 3888 969 3942 14
991 3886 1113 3957 preatItit
1129 3886 1157 3942 B

97 3978 130 4031 16
148 3976 279 4047 portitor]
296 3975 385 4046 potior
402 3975 452 4029 Bt
553 3975 674 4029 benificii
691 3974 719 4027 Β

149 4080 236 4137 XXV.
269 4078 302 4133 21
330 4079 460 4133 honorent
487 4078 515 4132 Β
541 4078 589 4134 aad
615 4079 729 4132 onerent
749 4094 770 4132 a.
789 4078 807 4133 l.
824 4092 858 4131 ua
876 4092 927 4130 rac¹
944 4075 987 4141 B,
1014 4076 1124 4130 onerant
1142 4075 1157 4129 t

95 4165 131 4220 22
150 4165 291 4221 metatoris
309 4164 336 4218 B
447 4165 482 4219 23
499 4180 579 4221 nanm
595 4163 729 4219 B¹LT¹V
830 4162 865 4216 24
881 4160 1067 4231 magnitudine
1085 4161 1157 4216 BI't

95 4253 201 4322 rernm]
220 4256 339 4305 uestram
356 4250 423 4317 sort.
520 4251 554 4305 25
567 4252 643 4304 salua
656 4251 694 4305 B¹
708 4251 752 4318 (at
763 4248 914 4317 aidetror)t
1008 4246 1223 4303 itteniuoliB¹

95 4338 187 4394 m
286 4350 364 4391 onon
382 4333 410 4391 Β
506 4335 591 4390 habeo
611 4338 663 4393 T¹t

1069 4438 1123 4492 11*
