2934 4934
254 440 320 507 ᾖα)
617 438 731 508 llegui
748 436 877 494 Felicis
894 436 1030 493 Ennodi

254 630 309 697 sed
339 629 413 714 quid
444 646 575 715 egemus
603 628 683 696 inter
710 626 803 695 unxie
823 630 857 696 et
878 630 999 696 incerto
1020 628 1226 713 deprehensi?
1260 632 1390 714 recipiat

254 752 310 801 nos
331 750 388 815 pro
411 732 556 799 remediis
580 748 670 799 exose
691 730 854 816 nauigatio
869 732 902 799 et
915 732 1054 799 lessam
1074 733 1263 800 rudentibus
1278 752 1388 799 manns

253 838 386 920 stuppeo
407 853 516 902 rursus
538 834 646 901 uinolu
674 834 884 901 meditentur:
912 834 1042 903 luerent
1070 835 1170 902 clarus
1192 838 1332 916 dextera,
1354 838 1389 901 nt

254 939 394 1005 bonetus
423 938 537 1023 puppis
566 957 622 1024 per
651 936 898 1022 guoemncnlnm
923 936 995 1005 iura
1014 938 1211 1005 moderetur:
1246 940 1388 1024 depictus

255 1042 409 1109 sideribus
432 1042 498 1108 aris
521 1041 670 1109 reddetur
700 1040 858 1124 espeeioi:
888 1040 1103 1124 dispositionis
1125 1046 1252 1109 nostrae
1275 1042 1418 1109 itinerar

253 1144 394 1212 noctium
423 1145 601 1230 dirigentur
629 1142 766 1210 iudiciis.
801 1143 845 1209 sit
873 1145 1024 1210 soleclum
1051 1145 1225 1212 luminibus
1248 1146 1340 1222 meis.
1362 1146 1389 1211 si

252 1246 411 1331 profunati
432 1265 495 1314 non
517 1247 663 1315 uidentur
692 1249 779 1315 terra
806 1248 960 1333 coniugiis
991 1247 1149 1333 innuamus
1178 1246 1389 1331 patriamin

252 1370 314 1435 quo
335 1350 399 1417 tale
421 1351 567 1419 effectum
589 1355 637 1418 ssi
658 1350 899 1417 matrimonium
920 1354 1074 1429 nostrum,
1097 1352 1180 1434 quod
1197 1350 1232 1415 et
1248 1352 1390 1417 emisisse

252 1455 370 1537 pudent
392 1473 448 1522 uec
469 1456 586 1521 eusent
607 1454 683 1520 uote
703 1456 850 1537 recipere.

769 1730 869 1800 XXV.
1395 1754 1417 1795 re

263 1896 417 2007 broulo.
453 1936 595 2005 VERBA
618 1935 817 2003 THL'HDIS
840 1934 931 2002 CVM
954 1934 1169 2003 remoueri
1192 1934 1378 2003 vrorum

688 2054 953 2123 LXTINCTVM.

292 2231 472 2316 Intercepta
487 2231 535 2296 est
548 2229 599 2313 pio
615 2229 759 2312 quaesita
773 2228 860 2296 irene
876 2232 1018 2295 materna
1033 2228 1171 2295 consilio.
1196 2230 1387 2296 inuenerunt

250 2333 408 2399 Achillem
430 2334 573 2399 nostrum
597 2331 662 2399 feto
683 2334 716 2399 et
738 2333 858 2399 abelis
880 2333 996 2398 uetere
1016 2333 1212 2415 subreptum,
1236 2350 1297 2398 uec
1316 2351 1387 2417 pro·

250 2436 312 2502 fuit
333 2438 415 2520 quod
437 2454 561 2521 sexum,
585 2455 678 2522 quem
701 2437 730 2503 ei
753 2437 841 2521 origo
863 2437 1006 2517 dederet,
1031 2435 1148 2502 astutio
1170 2436 1416 2501 conmutantur

250 2539 400 2607 feminum
423 2536 632 2607 diuturnitate
654 2557 716 2607 uon
739 2539 850 2607 didicit
871 2542 905 2607 et
919 2540 981 2607 uiri
1004 2540 1096 2607 fortis
1118 2538 1260 2604 animum
1283 2539 1387 2605 mollis

250 2643 445 2715 consuetude
459 2645 609 2709 seruerit.
637 2644 705 2726 quis
721 2644 829 2709 credet
844 2644 1037 2710 inoificecem
1052 2642 1148 2709 fuisse
1164 2643 1386 2726 prouisionem

249 2765 343 2830 quern
359 2747 391 2813 et
406 2746 463 2812 dea
477 2751 510 2813 et
524 2748 626 2813 muter
647 2746 795 2813 inuenit?
817 2764 879 2813 nou
895 2750 942 2813 est
964 2748 1139 2831 praemium
1160 2745 1387 2819 inmortalibs„

249 2867 343 2932 quem
365 2866 422 2916 uec
444 2850 588 2935 genetrix
610 2850 804 2917 transmittit
826 2851 865 2917 sd
889 2851 1031 2918 subolem
1053 2869 1110 2917 nec
1131 2868 1185 2935 per
1208 2864 1280 2915 earn
1302 2851 1387 2933 quod

247 2950 349 3017 filium
379 2953 501 3019 casibus
532 2952 654 3018 iuretur
683 2953 828 3019 occurrit
861 2945 900 3021 'ut
928 2971 1100 3037 numquam
1127 2952 1288 3020 doloribus
1310 2952 1417 3021 subn

248 3052 418 3142 ducamur,
445 3055 576 3123 numius
597 3060 730 3123 sumus?
762 3076 841 3140 quae
863 3060 913 3124 est
935 3058 997 3123 ista
1018 3055 1175 3137 condicio,
1199 3060 1325 3139 quando
1349 3058 1387 3123 de

249 3158 462 3242 penetralibus
484 3160 642 3227 uiscerum
664 3164 843 3226 nostrorum
862 3163 943 3243 quod
958 3159 1022 3226 leto
1037 3160 1155 3226 seruiet
1177 3160 1388 3226 exhibemus?

298 3381 424 3437 istoru.
438 3380 520 3437 sem
616 3381 884 3437 manusrudeutibus
898 3380 1007 3437 LPTV
1101 3382 1232 3453 dstupea
1251 3382 1318 3437 Pr*

246 3467 354 3523 uinculu
372 3467 399 3523 P
490 3468 583 3525 horest
600 3469 628 3523 Β
722 3468 814 3524 dexter
830 3472 880 3524 eut
897 3468 1009 3525 LPTV
1102 3468 1261 3524 lirenate-
1277 3470 1318 3525 L¹
1338 3540 1355 3568 ι

245 3570 368 3641 pnpiel'
452 3572 631 3643 perducor.)
649 3571 686 3638 Β,
710 3587 758 3642 per
780 3570 868 3628 Vct.
960 3572 1143 3629 bitenersB
1229 3574 1387 3628 8admisse

246 3658 281 3725 (si
298 3672 319 3713 s.
331 3656 351 3713 l.
368 3672 404 3713 ee.
415 3659 447 3725 2)
467 3657 499 3725 T,
528 3658 665 3713 emicuisse
686 3656 713 3715 V
808 3658 825 3714 9
842 3672 894 3714 nec
904 3658 1021 3715 babennt
1038 3659 1075 3727 B,
1101 3675 1150 3714 uss
1160 3658 1282 3714 cudunt
1299 3660 1319 3713 b

245 3743 370 3817 recipere]
388 3744 452 3800 finit
469 3744 534 3801 aad
552 3746 580 3802 Β

297 3846 381 3905 ΧΠ.
410 3848 441 3903 11
461 3848 552 3904 Dictis
570 3864 622 3905 om.
641 3848 727 3904 LTV
816 3848 912 3904 tetidie
929 3849 992 3916 BT,
1018 3848 1132 3905 tetbidir
1151 3850 1179 3905 L
1275 3853 1385 3908 semem

244 3934 272 3990 Β
371 3932 700 4005 1oexcinccnm1rshiu
717 3934 834 3991 secunde
850 3936 935 3991 inser.
954 3934 1019 3991 odd.
1038 3934 1119 3991 diae
1224 3938 1258 3993 14
1275 3938 1385 3994 uuillen

243 4020 272 4076 Β
377 4020 451 4075 heu
472 4020 500 4076 L
603 4021 638 4076 16
661 4020 868 4077 diuturnitntern
886 4020 914 4076 L
1017 4021 1266 4082 winedhusen
1285 4024 1317 4079 Β

244 4107 430 4177 prouisioudlll
444 4107 473 4162 Β
561 4106 594 4163 18
610 4107 661 4163 dee
680 4108 767 4163 res
854 4111 884 4163 et
899 4123 951 4164 on.
970 4108 997 4163 T
1080 4108 1255 4179 prelinmium
1272 4110 1316 4165 L¹

246 4192 279 4247 19
304 4193 425 4248 sobolem
448 4193 490 4260 Β,
520 4193 638 4249 sobolem
664 4193 748 4251 ΜΨ
847 4194 884 4249 10
909 4198 1030 4250 occurret
1054 4194 1083 4249 Β
1186 4194 1385 4253 subductamnr

245 4278 272 4332 P
363 4278 588 4338 aluisset.
671 4280 789 4337 conditio
807 4279 866 4337 LV
958 4280 1385 4351 aspuuhomumem.)

243 4364 272 4421 L
373 4365 445 4421 laeto
462 4365 505 4432 Β,
535 4365 606 4421 lueto
624 4366 683 4423 LV
782 4366 934 4423 exhibimus
951 4367 980 4423 Β
