2934 4934
560 372 677 425 Dictio
695 371 759 426 VII.
1164 374 1230 442 445

90 580 249 627 mammas
275 561 358 627 inter
380 559 484 627 sulcos
508 564 640 627 euacnat
662 567 693 627 et
716 582 771 645 per
792 580 909 645 pascua
923 581 1015 645 pecus
1031 580 1131 647 agere,
1155 565 1230 628 dum

89 666 129 733 ab
154 664 308 732 uberibus
331 664 461 748 pendet,
490 664 662 730 adsuescit:
685 665 786 748 petris
807 664 954 744 brachiis,
983 666 1059 731 dum
1081 667 1229 731 iuuencos

89 770 225 853 fatigat,
256 768 455 853 adiungitur:
479 771 606 851 prensat
636 770 795 834 dexteram
823 770 955 853 grandia
984 770 1077 835 terris
1108 767 1230 835 semina

90 872 346 939 committentem
374 871 407 937 et
434 868 577 935 sudorem
602 870 731 954 originis
755 890 831 936 snae
854 871 887 935 in
910 872 976 955 ipso
1008 872 1088 937 lucis
1118 871 1230 936 limine

67 977 275 1043 smeditatnr.
299 976 374 1059 quid
390 992 448 1039 uos
465 974 600 1053 faciatis,
618 994 693 1057 quus
709 975 894 1041 liberalibus
910 980 1095 1059 pepererunt
1111 977 1229 1042 matres

88 1080 231 1164 optimae
248 1079 446 1161 disciplinis?
469 1078 731 1162 peregrinandum
754 1080 844 1144 nobis
861 1080 908 1144 est
925 1080 1099 1163 egermine
1113 1078 1228 1158 ditiori,

88 1183 153 1249 nisi
176 1201 232 1247 uos
255 1182 376 1249 nobiles
400 1184 546 1249 instituta
561 1185 819 1249 monstrauerint.
842 1182 967 1249 habetis
983 1182 1147 1266 praeuinm
1166 1182 1228 1247 elo-

89 1286 239 1369 quentiae
261 1303 445 1369 morumque
468 1289 642 1352 doctorem:
668 1286 785 1351 currite
806 1287 968 1369 prosapiae
988 1287 1126 1352 stimulis
1149 1286 1229 1352 inci-

90 1390 153 1455 tati
182 1391 228 1467 et,
259 1408 329 1454 cnm
358 1408 414 1455 uos
443 1391 482 1456 ad
512 1408 643 1475 agonem
671 1392 811 1475 praemia
837 1391 991 1473 promissa
1018 1390 1229 1473 perduxerint,

54 1520 79 1558 ro
89 1492 156 1559 mei
172 1492 353 1558 meminisse
369 1492 551 1575 dignamini,
569 1496 641 1576 quia
657 1498 733 1559 sunt
749 1512 827 1577 qnae
843 1494 962 1559 auobis
978 1495 1048 1577 post
1063 1494 1230 1559 caelestem

90 1596 336 1663 retributionem
367 1596 519 1682 suffragia
541 1598 682 1663 hortator
706 1597 851 1679 accipiat.
898 1598 974 1664 haec
997 1599 1085 1680 sunt,
1116 1596 1230 1662 nostris

90 1720 173 1783 quae
195 1719 251 1765 nos
276 1700 366 1766 licuit
388 1702 517 1768 uocibus
535 1702 707 1767 admoneri.
733 1721 788 1767 uos
805 1701 1001 1785 diligentiam
1016 1701 1151 1785 pectoris
1167 1699 1230 1765 mei

90 1804 258 1886 expendite
282 1804 528 1870 consideratione
552 1806 733 1871 uerborum:
759 1825 819 1871 non
834 1806 1018 1889 phaleratus
1034 1823 1146 1884 sermo,
1169 1824 1231 1869 non

90 1908 290 1973 inlecebrosa
312 1910 439 1973 tantum
463 1913 495 1975 et
518 1908 645 1991 depicta
660 1910 740 1975 fucis
762 1910 901 1974 narratio
917 1910 1066 1974 delectet:
1091 1909 1230 1991 quaerite

58 2011 178 2093 raapud
201 2031 251 2077 me
275 2030 335 2076 non
358 2012 474 2077 blanda
497 2013 551 2078 sed
579 2012 763 2090 necessaria,
787 2031 848 2077 non
877 2012 1025 2078 deliciosa
1047 2013 1100 2077 sed
1124 2012 1226 2078 fortia.

91 2114 246 2197 numquid
263 2114 351 2180 iuuat
366 2132 515 2199 pompam
530 2118 633 2180 texere
648 2120 815 2199 praecepta
838 2116 1009 2181 daturum?
1032 2115 1085 2199 qui
1105 2114 1228 2198 probari

91 2235 156 2282 non
186 2219 287 2303 magis
318 2218 460 2285 sensibus
490 2238 582 2302 quam
614 2237 755 2284 sermone
784 2220 922 2302 disponit
950 2220 1097 2285 affectum
1127 2220 1229 2283 moni·

92 2320 172 2385 toris
196 2324 339 2387 euacuat.
384 2324 574 2405 ponderibus
599 2326 727 2389 ornetur
758 2324 854 2390 dictio
878 2324 1079 2407 castigantis:
1108 2324 1231 2387 lancem

90 2424 128 2489 in
159 2424 375 2491 exhortatione
405 2427 514 2493 teneat
543 2429 595 2509 qui
625 2429 722 2510 gestit
751 2429 864 2493 audiri.
910 2428 1074 2493 institutor
1101 2426 1232 2491 uirtutis

62 2528 225 2613 uplausus
249 2528 409 2595 excludat:
442 2530 518 2595 bene
547 2533 671 2597 morata
700 2532 800 2597 oratio
837 2531 973 2614 imperat
999 2532 1079 2614 quod
1110 2530 1229 2595 suadet.

92 2632 172 2697 haec
194 2632 221 2696 si
245 2632 400 2717 explicare
416 2652 534 2717 nequeo
560 2632 712 2700 facultate
735 2634 870 2715 dicendi,
893 2654 998 2701 amare
1013 2636 1119 2699 tamen
1135 2632 1230 2698 didici

91 2736 345 2803 consideratione
376 2738 529 2821 propositi
558 2742 589 2802 et
621 2739 773 2804 electione
801 2740 934 2805 consilii.
978 2757 1048 2821 pars
1077 2737 1231 2819 quaedam

91 2838 262 2923 probitatis
287 2844 343 2919 est,
379 2840 439 2907 etsi
460 2840 591 2925 implere
618 2860 764 2925 nequeas,
799 2861 889 2909 nosse
911 2843 1051 2909 meliora.
1090 2840 1231 2923 sequitur

92 2944 306 3008 examinatam
336 2942 545 3011 intentionem
577 2946 706 3011 effectus
736 2948 856 3031 operis:
888 2948 1046 3029 proximus
1076 2944 1229 3028 magistro

66 3048 141 3113 uest
159 3046 212 3130 qui
228 3046 336 3129 diligit
351 3051 533 3114 ornamenta
549 3050 718 3115 doctrinae.
737 3052 812 3116 deus
829 3051 936 3115 tamen
953 3052 1019 3116 uoti
1035 3069 1067 3115 se
1084 3049 1231 3115 comitem

94 3152 208 3235 iungat
237 3154 268 3215 et
297 3152 379 3233 quod
407 3152 542 3216 nouellis
569 3156 751 3236 praeceptor
781 3154 964 3219 commendo
994 3153 1163 3235 cespitibus
1197 3152 1230 3215 in

96 3254 198 3336 pernis
221 3258 383 3359 tamquam
411 3254 449 3319 de
472 3256 658 3321 hereditaria
680 3256 873 3339 possessione
896 3258 1069 3339 decerpam.

201 3442 232 3495 11
257 3441 292 3496 ci.
314 3440 393 3510 Verg.
412 3442 480 3497 Aen.
499 3442 612 3497 111461

147 3612 280 3680 2pendet
301 3614 332 3677 Τ,
359 3614 456 3683 pendit
475 3612 607 3667 BLPVb
695 3614 823 3669 iuuencas
842 3613 870 3666 Β
955 3614 972 3667 3
990 3613 1117 3680 praenest
1135 3611 1162 3664 Β

97 3698 239 3752 tlnmine
263 3700 351 3755 P¹Tb
455 3700 537 3754 best
557 3698 635 3754 uobis
659 3700 747 3755 ΜΨ
845 3698 994 3753 ditioreT
1096 3697 1179 3750 ‘duos
1198 3711 1232 3753 ex

98 3784 174 3838 nobis
201 3784 313 3841 Tourr.
416 3786 565 3855 praedium]
591 3786 725 3855 praetium
750 3786 779 3840 B
883 3784 917 3838 10
941 3781 1090 3853 dignemini
1116 3782 1162 3837 Pb

99 3872 127 3925 12
147 3886 216 3939 quae
233 3888 281 3927 uos
299 3872 398 3927 nestris
416 3873 479 3942 Pt3
507 3873 543 3938 cf.
560 3872 662 3943 Vergil.
676 3874 746 3927 Acca
759 3872 873 3927 111461
890 3872 955 3925 baec
972 3873 1036 3925 sunt
1054 3885 1122 3939 qnae
1138 3872 1232 3924 nostra

99 3974 293 4031 dceatteuoce
306 3976 408 4031 moneri
502 3976 535 4031 13
547 3974 679 4030 faleratus
692 3974 805 4031 BLTV
897 3976 930 4030 15
942 3965 1006 4044 ‘pud
1020 3973 1055 4036 L,
1072 3954 1166 4027 a'¹¹⁴¹V

101 4062 127 4117 16
147 4062 275 4117 daturum
294 4064 320 4131 (a
338 4078 371 4119 cu
389 4080 408 4117 u
426 4065 507 4129 corr.)
527 4062 554 4117 B
659 4062 718 4131 qui]
738 4062 802 4130 quia
822 4062 895 4117 Tin
911 4077 980 4128 rua„
1008 4060 1054 4129 qni
1072 4059 1096 4113 si
1113 4058 1163 4113 Pb

100 4148 126 4201 ll
151 4164 204 4203 non
225 4151 314 4219 magis
337 4150 444 4219 probari
467 4148 513 4203 Pb
619 4148 652 4202 18
676 4148 778 4202 lancem
802 4148 829 4202 Β
934 4149 966 4201 19
989 4145 1155 4201 exortatione
1177 4144 1234 4199 ΒΡ

103 4231 151 4289 TV
226 4234 403 4290 20suaditB
483 4236 516 4289 21
530 4232 652 4288 dimdici
666 4234 693 4289 L
774 4232 934 4288 221mtione
947 4233 1045 4287 LTVb
1124 4230 1230 4302 assui]

102 4320 120 4371 si
137 4320 219 4376 Siros.
323 4320 358 4376 24
375 4321 521 4410 magistros
540 4320 568 4376 B
672 4320 705 4375 25
725 4336 769 4375 sec
786 4320 826 4375 B¹
928 4320 962 4373 26
980 4320 1017 4388 et]
1036 4318 1165 4379 etiamT
