2934 4934
467 316 705 427 Epistularum
725 357 813 412 liber
830 354 898 413 1111.
1184 356 1245 425 119

115 547 197 613 roris
207 546 320 612 nubila
331 548 359 612 si
370 546 516 613 luilnrites
531 545 672 631 depellit,
685 562 759 611 mox
773 547 937 612 rutilantia
951 562 1007 629 per
1020 546 1134 613 sudum
1148 548 1246 613 uerba

115 650 307 716 tiruurmut.
330 650 437 732 itaque
459 652 516 715 ant
535 648 691 732 perieutos
712 666 769 714 nos
790 648 914 715 laetitia
935 649 1092 715 monstrat
1113 650 1168 716 eut
1195 650 1244 717 in·

92 752 221 818 nutes
244 752 321 817 insit
343 752 527 818 aduersitas.
551 753 638 831 taso,
661 754 705 817 mi
722 752 858 831 domine,
881 750 971 818 uobis
987 752 1081 817 otiam
1104 752 1244 838 ndstipu·

112 854 261 921 lantibus
296 854 527 921 oonfirmautnr.
571 872 644 939 ergo
677 857 802 938 tempus
834 854 1050 940 prosperitatis
1082 857 1244 941 amplexus

93 958 215 1025 eradio
238 958 395 1025 letaniae
426 959 622 1025 salutationis
655 957 818 1037 attentum,
852 974 980 1042 sperans
1012 960 1050 1024 ut
1078 958 1161 1026 oiroa
1193 978 1244 1027 rna

113 1063 231 1129 nobilis
252 1062 425 1146 promissio,
447 1080 526 1145 qnae
548 1062 778 1145 eplenituoine
792 1062 913 1145 guntiae
928 1063 1063 1144 sumpsit
1076 1063 1244 1143 exordium,

114 1167 210 1250 quusi
232 1165 437 1233 intrumentis
459 1182 556 1251 meus
577 1168 765 1249 geminetur.
786 1165 870 1230 eale.

624 1320 741 1387 XXXI.

515 1438 701 1497 lirinomvs
722 1439 842 1497 nvllo.

81 1569 106 1607 u
156 1546 248 1613 uiuat
258 1546 396 1613 multam
407 1547 499 1613 nobis
511 1566 567 1628 per
581 1546 706 1616 litteras
717 1547 946 1631 magnitudinis
965 1550 1038 1613 tuae
1053 1547 1244 1613 oeeesionam

113 1648 224 1731 mutili
245 1648 387 1715 lamenta
401 1654 602 1732 pepererunt,
625 1668 698 1716 oum
712 1652 752 1717 ad
768 1650 938 1717 hilaritatis
953 1650 1136 1732 obsequium
1151 1650 1242 1717 inlex

113 1752 235 1817 munis
256 1768 357 1818 sermo
379 1751 560 1831 militasset,
595 1756 788 1819 nontamen
810 1773 867 1837 par
899 1753 1038 1822 lacrimis
1061 1752 1240 1819 iucunditas

114 1857 249 1941 ooutigit
271 1873 329 1921 uee
349 1856 499 1924 maeroris
520 1856 683 1923 turbidum
705 1875 744 1922 ex
774 1860 841 1923 toto
862 1856 991 1941 alloquii
1012 1874 1121 1923 serena
1144 1854 1240 1937 depu-

113 1958 232 2026 lerunt.
254 1960 369 2028 retinet
389 1958 602 2027 adfliotiousm
617 1978 706 2025 meus
728 1960 769 2027 de
783 1962 866 2027 tanti
888 1960 1065 2027 deooesione
1086 1959 1241 2045 pontificis

83 2062 212 2127 uetiam
234 2066 306 2145 post
327 2062 503 2129 desiderate
524 2063 697 2145 moloonia
713 2060 753 2131 ob
769 2063 827 2129 hoo
850 2064 923 2147 quia
938 2067 1050 2131 nature
1065 2084 1170 2131 rerum
1182 2063 1239 2149 est,

114 2166 150 2229 ut
173 2165 336 2248 quaelibet
357 2166 477 2231 laetitia
498 2166 549 2231 uel
577 2166 691 2231 modici
713 2166 838 2249 angoris
872 2168 1048 2232 conlatione
1069 2170 1240 2250 superetur.

114 2268 169 2333 sed
191 2270 268 2352 quid
290 2287 370 2334 noue
392 2270 685 2337 commemoratione
711 2270 843 2338 furimus
871 2290 949 2354 quas
983 2273 1122 2337 animum
1156 2271 1242 2337 olan

115 2372 238 2438 destina
260 2372 409 2438 hasteums
430 2373 598 2437 iactatione
622 2374 832 2439 domuerunt?
855 2374 936 2440 uotis
959 2376 1074 2441 uestris
1097 2394 1168 2441 enm
1191 2375 1241 2440 dei

114 2474 270 2540 adiutorio
292 2477 437 2540 comitem
459 2494 510 2540 me
533 2477 692 2557 promitto,
717 2475 885 2542 dummodo
907 2478 995 2544 salua
1018 2478 1123 2543 domni
1144 2497 1241 2561 papae

84 2578 215 2642 »nostri
236 2578 456 2644 incolumitate
470 2578 569 2643 talem
592 2596 647 2643 uos
670 2579 802 2663 elogisse
825 2590 1020 2664 eognoseam
1044 2599 1138 2664 quem
1160 2598 1240 2659 enm,

114 2681 164 2745 oui
187 2681 311 2746 animos
334 2698 408 2746 eura
429 2686 487 2760 est,
510 2684 639 2747 laudare
653 2699 714 2747 non
737 2681 862 2767 pudeat.
886 2682 972 2749 neiee
995 2687 1044 2749 est
1067 2685 1150 2750 enim
1173 2700 1241 2749 ore·

114 2781 242 2848 dentem
270 2785 309 2849 ad
337 2785 464 2867 obliqua
485 2802 652 2868 prenotare
680 2788 713 2851 at
735 2798 839 2869 quem·
856 2786 969 2853 utieotu
997 2786 1159 2867 obligastis
1186 2804 1241 2871 por

113 2885 233 2951 inmuta
255 2886 415 2954 tenueere.
441 2891 521 2955 nale.

609 3005 743 3075 11111111.

84 3134 106 3174 a
480 3125 664 3186 nnnonurs
686 3125 878 3185 nosnnnnr.

153 3232 226 3299 Non
250 3234 381 3300 aestimo
404 3254 471 3300 rem
492 3236 634 3320 obsequii
657 3235 835 3321 frequentia
861 3257 952 3322 posse
975 3256 1151 3303 rancescere
1180 3254 1239 3303 neo

115 3336 271 3402 culturam
294 3336 474 3421 diligentiae
497 3340 575 3405 uitio
597 3341 793 3421 garrulitatis
816 3340 962 3407 adscribi.
988 3343 1134 3425 suppetat
1159 3341 1238 3407 forte

164 3543 291 3596 renos.
313 3540 396 3598 sem
488 3538 606 3612 repense
624 3543 652 3597 n
751 3516 880 3598 erut‘n
971 3546 1062 3600 ruerus
1078 3560 1127 3600 noe
1148 3546 1174 3600 u
1233 3582 1235 3587 -

115 3625 282 3681 senense
299 3627 334 3693 n,
360 3626 478 3682 neonus
496 3630 529 3682 e»
546 3626 636 3683 uene
652 3641 724 3685 sn.
744 3626 857 3685 nmo
959 3632 1019 3729 ele]
1038 3630 1072 3686 uo
1091 3632 1118 3687 u

162 3725 261 3783 ml.
299 3728 333 3784 10
348 3731 514 3785 occisionem
531 3731 572 3787 1¹¹
587 3738 622 3787 ot
638 3732 749 3802 saepiat
841 3735 872 3789 11
893 3734 992 3804 gentile
1009 3734 1037 3788 Β
1134 3748 1239 3806 pepero-

114 3828 168 3885 uiuo
185 3829 214 3886 P
298 3833 372 3888 indix
390 3830 430 3888 Βι
534 3834 567 3890 12
584 3851 602 3921 p
619 3852 673 3890 non
691 3835 720 3890 Β
808 3809 841 3909 'fr'
860 3833 888 3891 Β
974 3807 1125 3894 iocunditas
1144 3836 1172 3891 Β

115 3933 146 3987 13
162 3936 272 3991 meroris
288 3933 405 3993 13an
500 3938 627 4008 oolloqnii
645 3938 727 3995 Sim.
833 3940 866 3996 15
883 3938 929 4011 ob]
947 3941 982 3994 ab
1001 3940 1079 3997 Sim.
1098 3942 1132 4007 cf.
1151 3938 1238 4011 Epor.

115 4017 204 4075 ruso
307 4024 340 4078 ue
357 4020 449 4077 neres
471 4022 498 4078 ν
594 4024 628 4078 ru
645 4004 809 4080 elnensem
826 4024 854 4080 s
957 4027 991 4082 re
1009 4028 1174 4095 ponerer

115 4101 147 4157 20
162 4104 241 4246 stimi}
257 4120 317 4177 «up.
335 4123 405 4163 aero.
508 4111 544 4163 21
561 4108 681 4179 pudeant
698 4110 726 4165 L
829 4111 863 4167 28
880 4111 1005 4166 tidueers
1022 4112 1080 4169 LV
1178 4114 1239 4169 uult

113 4203 162 4243 oua

161 4275 276 4333 mn.
312 4280 347 4335 tt
363 4282 482 4350 eugeniti
498 4282 527 4336 B
629 4283 664 4337 ne
680 4284 826 4339 naneiseere
843 4284 871 4339 Β
