2934 4934
425 355 540 428 Opust.
559 356 627 412 1111.
652 357 732 412 Vite
748 355 782 413 B.
799 356 938 412 Antoni.
1182 355 1249 427 391

108 547 194 631 plioi
209 548 301 631 fruge
316 566 386 632 spes
401 547 526 612 residue
540 547 750 630 linqueretur:
769 563 861 628 quom
876 545 932 612 ille
947 548 1058 614 bsonlo
1073 547 1245 612 multotum

110 651 294 719 distrietius
323 651 409 716 obire
435 649 629 734 praecipiens
659 653 775 714 testem
795 647 926 714 uirtutis
948 667 1022 714 snoe
1043 652 1077 716 et
1098 649 1245 717 nuntium

107 753 269 837 passionis
291 753 433 820 eduliae
454 753 499 818 ire
521 752 638 818 bestius
653 769 725 820 mox
740 752 852 836 eosgit,
874 757 911 818 ut
927 751 1111 836 impleretur
1126 753 1246 818 domini

107 856 219 922 fidelis
252 856 456 940 pollicitatio,
489 876 568 940 qous
603 855 811 922 ssotetoribus
838 856 904 920 suis
937 855 1035 921 totins
1067 855 1182 923 ueneni
1215 858 1247 920 et

82 960 257 1026 somnium
280 961 415 1026 ferarum
438 959 583 1043 promisit
606 959 800 1040 obsequium.
831 977 941 1026 rursus
962 962 1066 1026 tumen
1088 960 1246 1042 gradienti

107 1063 140 1126 ei
165 1083 224 1146 por
246 1063 439 1130 destinetum
461 1063 570 1130 sellem
594 1065 720 1146 rugiens
743 1081 775 1128 se
796 1061 864 1127 fore
884 1061 1052 1148 suggessit,
1074 1081 1169 1145 quem
1191 1061 1247 1128 illo

106 1167 181 1232 sole
215 1168 348 1232 iussione
383 1164 546 1232 turbatum
579 1167 640 1230 iter
673 1164 750 1231 feeit
783 1166 902 1249 operire
933 1171 966 1230 et
993 1169 1147 1250 eoenputu
1174 1166 1246 1230 nise

107 1270 253 1336 claustra
274 1270 421 1336 deserere.

154 1371 217 1438 Sed
247 1391 318 1438 eoos
351 1371 468 1438 iterum
500 1373 559 1438 elis
587 1371 763 1456 pernicibus
796 1392 852 1456 psr
878 1371 1062 1456 proditionis
1090 1391 1165 1438 suus
1193 1391 1246 1436 or·

67 1501 97 1541 ιι
107 1475 220 1542 dinem
248 1476 299 1542 dei
326 1493 451 1542 seruum
478 1477 511 1541 iu
538 1493 599 1558 quo
629 1474 690 1542 looi
712 1474 841 1558 degeret
861 1475 946 1540 semo
967 1475 1131 1560 uulgauit,
1160 1473 1246 1540 eliud

109 1581 152 1644 de
190 1581 256 1662 ipso
292 1596 348 1662 pro
393 1579 620 1644 sententierum
668 1580 821 1645 muetos
864 1577 997 1645 daorsis
1032 1577 1243 1661 opinantibus.

107 1685 190 1748 tune
221 1681 342 1765 liquido
373 1683 478 1763 putuit
513 1702 568 1764 per
602 1699 746 1748 oeenrsus
762 1713 765 1719 ·
782 1682 974 1764 multiplioes
1006 1681 1086 1748 nibil
1122 1680 1247 1746 obetere

25 1793 27 1798 '
109 1786 313 1868 eupiuntibus
347 1785 469 1868 pluneri
506 1786 621 1863 ardue,
665 1786 793 1850 solidsri
830 1786 943 1861 soisso,
978 1785 1146 1868 pendentis
1181 1800 1243 1848 nou

109 1888 229 1954 timeri
258 1891 313 1954 ssd
331 1887 505 1970 potioribus
527 1889 657 1969 insidiis,
681 1908 720 1955 ne
736 1888 1022 1971 perstrepentium
1045 1887 1145 1952 hostie
1169 1885 1244 1952 sub·

71 1993 245 2073 eriperet,
274 1990 395 2056 fortiori
418 1991 546 2058 oonsilio
569 2010 681 2059 munus
704 1992 863 2074 opposuit,
893 2009 934 2056 ne
955 1991 1019 2057 ism
1049 1991 1246 2076 grendseuus

109 2095 257 2176 perderet
284 2095 367 2177 quod
395 2094 479 2160 inter
506 2094 651 2160 tiroeinie
680 2096 799 2162 dimitte
827 2097 1002 2162 mutasset:
1035 2096 1137 2165 serius
1160 2095 1244 2160 euim

110 2200 197 2264 ciros
226 2198 369 2264 robustos
392 2199 508 2265 dioboli
530 2201 687 2265 eertumen
709 2204 772 2277 est,
802 2205 834 2264 et
857 2198 1028 2265 maioribus
1052 2197 1148 2282 oopiis
1172 2197 1244 2264 illos

110 2301 296 2384 adgreditur
318 2305 372 2385 qui
386 2302 551 2368 eontlietus
566 2303 631 2368 eius
649 2304 767 2385 experti
783 2305 902 2370 roboris
916 2304 1029 2371 sudore
1044 2304 1242 2368 domuerunt.

109 2409 261 2472 uniuerso
289 2411 394 2472 temon
420 2424 526 2472 seeum
547 2409 613 2488 ipse
636 2410 846 2490 pertrsotuus,
875 2407 965 2474 breui
987 2405 1126 2474 oninium
1150 2423 1241 2472 soum

73 2533 102 2574 eo
112 2509 309 2575 sdloeutione
321 2509 477 2576 firmauit:
496 2509 588 2590 “qnid
604 2512 738 2593 sginum
752 2527 841 2575 mens
858 2510 959 2576 sdhuo
974 2509 1125 2576 mundani
1141 2508 1244 2575 oneris

113 2614 198 2679 fesso
225 2616 386 2696 depresso,
416 2633 509 2696 quom
537 2614 673 2680 nondum
702 2615 741 2680 sd
769 2615 928 2681 auctorem
958 2631 1049 2686 suum
1079 2628 1244 2696 oorporeue

113 2735 218 2781 αιτιοι
240 2719 401 2783 euomuit?
422 2737 483 2784 non
501 2719 560 2784 tibi
582 2719 668 2784 esrte
683 2719 732 2782 ert
747 2721 786 2785 do
807 2716 997 2799 perfectione
1018 2714 1143 2800 fiducie,
1167 2717 1243 2785 dum

114 2820 215 2886 adhue
235 2821 404 2888 includeris
427 2822 602 2905 fragilitete
625 2821 757 2888 cernuli:
784 2819 931 2902 perieulis
953 2821 1047 2902 plene
1067 2823 1142 2884 sunt
1162 2838 1244 2901 quse

113 2925 260 2988 uidentur
287 2943 354 2990 esse
381 2926 561 2991 tutissime:
597 2925 751 2992 lenoeinie
777 2923 877 2990 bostis
899 2925 948 2990 tui
969 2923 1144 3006 intellegis,
1167 2927 1244 2990 dum

75 3029 330 3094 ssuniusreorum
352 3045 428 3093 noes
449 3029 601 3094 lauderis.
632 3029 704 3096 uide
727 3028 855 3112 quentis
869 3026 992 3094 lubores
1006 3027 1148 3093 insidiis:
1170 3029 1243 3092 ebs·

114 3131 274 3195 eonditum
307 3149 372 3197 esse
407 3150 469 3198 non
505 3132 581 3198 lieet
617 3133 697 3214 quod
732 3132 871 3198 edimus:
908 3129 1066 3198 latebram
1103 3131 1242 3196 nostrum

113 3236 287 3316 perseeutio
316 3233 496 3302 monifestat
524 3235 659 3301 hostilis.
698 3237 878 3302 senotorum
906 3237 1050 3317 petemus
1072 3233 1243 3301 exereitum

114 3341 146 3400 et
160 3335 251 3401 illem
266 3337 436 3402 Lirinensis
453 3337 573 3404 insulse
589 3338 749 3403 eohortem
764 3339 888 3422 inriguo
903 3339 1098 3422 inquiremus
1114 3340 1241 3404 erdere:

114 3457 204 3520 quom
227 3439 328 3504 solum
350 3441 500 3506 haetenus
523 3441 660 3526 pulsauit
683 3444 897 3526 aduersarius,
927 3441 1055 3507 timebit
1075 3442 1159 3505 inter
1180 3441 1243 3505 ini-

164 3629 298 3683 isbiren
316 3634 354 3695 (re
367 3633 448 3700 erae.)
466 3631 494 3685 B
585 3618 718 3702 {insipiens
737 3633 764 3687 1)
855 3620 1013 3687 ‘Iturbetse
1032 3633 1059 3687 Τ
1146 3596 1242 3685 80¹su·

114 3717 169 3766 stre
187 3714 214 3768 L
311 3717 411 3770 osli·-
430 3717 461 3784 Τ,
489 3717 584 3772 eliisb
688 3717 799 3772 101000
818 3719 865 3773 Pb
969 3718 1003 3773 13
1020 3717 1175 3772 resciseeT

113 3800 148 3854 14
164 3801 199 3858 el.
217 3801 370 3873 subreperet
388 3803 617 3876 Soiwttmiomp.
713 3805 745 3860 15
757 3805 907 3874 grendeuns
920 3804 1031 3860 BLTV
1119 3805 1152 3858 16
1169 3808 1241 3873 tyro

113 3905 184 3958 ιιιιι
199 3905 287 3960 sev
389 3907 421 3962 re
438 3907 584 3964 ereren·
602 3909 629 3964 n
731 3881 835 3962 ritem
854 3907 895 3976 Β,
921 3909 1026 3962 ruboris
1045 3906 1173 3962 neruo

113 3989 145 4043 21
170 3989 306 4060 depressae
323 3993 348 4059 (s
366 3991 495 4062 erasti
599 3994 767 4049 setoremT
866 3993 1065 4049 minoraberis
1089 3992 1242 4090 (lis-ederis

113 4099 190 4158 eurr.)
209 4093 238 4148 n
340 4096 374 4150 24
392 4069 505 4151 ιέιιιιιι
522 4097 550 4151 rs
654 4097 790 4166 ιιιιιιιςιι
808 4096 862 4151 nn
963 4097 998 4152 es
1015 4084 1114 4152 ιιιιιῐι
1134 4095 1242 4166 quimus

114 4195 142 4262 (d
158 4201 239 4262 sorr.)
258 4197 285 4252 L
388 4199 511 4254 addimus
532 4201 558 4255 T
657 4199 690 4254 27
709 4201 879 4268 expostumus
895 4199 922 4254 B
1024 4189 1127 4256 exeritu
1146 4202 1174 4258 L

113 4282 295 4336 utinenses
399 4286 434 4340 29
451 4290 560 4340 eotenus
578 4287 606 4341 B
710 4286 831 4356 pnlssuit
848 4289 874 4352 (t
889 4302 926 4341 eu
942 4286 986 4353 it)
1004 4287 1031 4341 L
