2934 4934
1074 424 1195 471 lxxxv

93 617 149 664 eum
170 599 360 682 enmoritate,
384 615 513 680 quorum
536 597 563 661 Β
586 596 726 660 uoealem
747 617 771 658 a
791 596 892 662 multo
913 597 1035 678 saepius
1056 611 1150 677 quam
1169 595 1196 660 L

93 705 117 768 el
135 703 167 782 V,
188 703 327 770 uooalem
347 721 365 768 o
386 719 459 767 uero
481 701 613 766 totidem
635 700 699 766 fere
721 698 797 765 loeis
813 699 947 784 exhibet,
969 698 1113 764 contendi
1134 715 1197 764 noa

91 807 204 890 poterit,
232 807 285 872 ssd
314 809 479 888 utramque
501 805 635 868 formam
657 821 727 870 eum
751 802 947 886 usurpanisse
968 804 1035 868 ueri
1061 800 1196 868 similius

91 913 137 976 est.
169 909 249 974 idem
272 912 309 976 de
332 907 557 974 assimilatione
580 925 786 974 consonarum
805 907 899 986 ualet,
923 907 984 972 nisi
1000 905 1081 988 qnod
1104 903 1198 969 codex

90 1012 354 1078 Bessimiletionis
383 1012 450 1075 tam
478 1009 655 1076 fastidiosus
687 1013 746 1094 est,
775 1010 812 1075 nt
833 1009 940 1092 pauois
968 1009 1044 1076 loeis
1065 1009 1199 1092 exeeptis

89 1132 198 1195 prorsus
234 1133 303 1180 mm
336 1113 504 1198 neglexerit
537 1115 630 1196 atque
664 1113 721 1178 hoe
754 1112 858 1178 studio
891 1112 988 1177 etiam
1021 1112 1062 1177 ed
1083 1112 1199 1178 formas

89 1217 162 1283 aaut
189 1217 318 1284 Adleeto
346 1235 403 1300 pro
430 1216 550 1282 Allecto
582 1215 721 1301 503,14
749 1215 956 1299 aberranerit,
985 1217 1060 1282 dum
1087 1215 1200 1298 reliqui

88 1339 145 1384 eam
165 1323 344 1404 plerumque
368 1320 537 1386 adseisoere
560 1321 671 1386 solent.
708 1338 786 1403 quae
808 1319 932 1386 diuersa
954 1319 1095 1386 oedipum
1117 1320 1200 1385 ratio

88 1425 117 1486 ut
143 1424 261 1505 plenius
296 1425 509 1510 cognoscatur,
547 1424 579 1488 in
608 1424 757 1506 Epistulis
784 1423 878 1506 primi
905 1423 978 1489 libri
1005 1423 1062 1489 hes
1083 1423 1199 1490 aucre-

87 1527 195 1606 pantias
221 1528 255 1592 in
284 1527 517 1594 adnotationem
546 1527 689 1594 eritieam
716 1529 832 1611 recepi,
863 1525 917 1592 ubi
947 1544 1020 1592 nero
1048 1525 1200 1594 eoodioie

88 1628 282 1714 Bsoriptura
308 1630 430 1716 reoessi,
464 1649 535 1696 eam
563 1630 678 1712 ubique
705 1629 863 1696 ednotuui.
901 1630 934 1696 in
961 1629 1032 1694 aliis
1058 1630 1145 1696 uelut
1166 1630 1200 1696 in

88 1749 275 1800 arsenarum
297 1733 507 1817 geminatione
530 1736 623 1816 atque
644 1733 831 1816 aspiratione
846 1732 911 1798 eius
930 1733 1100 1798 auotoritas
1121 1733 1201 1799 milri

85 1852 137 1900 nor
158 1855 193 1902 ea
214 1839 283 1902 uisa
305 1839 361 1916 est,
391 1856 486 1919 quam
516 1837 583 1901 tuto
609 1837 698 1918 sequi
719 1836 874 1902 auderem.
908 1836 984 1919 quin
1006 1837 1101 1900 etiam
1123 1855 1201 1918 quae

86 1939 209 2022 alioquin
226 1939 362 2024 recipere
377 1959 435 2006 non
453 1940 645 2008 dubitassem
661 1941 764 2018 reieci,
781 1941 818 2006 ut
831 1937 968 2020 loquella
981 1938 1133 2022 (loquella
1146 1943 1201 2006 ant

87 2040 202 2122 loquilla
225 2044 252 2108 B
277 2043 401 2110 exhibet
424 2045 451 2124 1,
468 2042 498 2110 5.
524 2045 573 2124 17,
588 2046 620 2109 4.
643 2044 694 2122 24,
710 2043 742 2108 5.
764 2043 816 2121 34,
834 2043 864 2108 9.
886 2043 939 2118 35,
959 2043 1006 2108 13.
1025 2043 1078 2122 38,
1096 2045 1127 2112 6,
1147 2043 1200 2123 46,

86 2144 109 2208 8.
129 2145 243 2224 68,11.
268 2146 319 2225 86,
336 2147 458 2229 1351),
481 2146 621 2228 querella
647 2147 822 2229 (quaerella
836 2149 892 2212 ant
912 2146 1073 2228 quaerllla
1092 2147 1124 2224 4,
1150 2147 1200 2214 19.

86 2245 128 2314 22.
149 2249 219 2330 102,
238 2253 268 2318 1.
294 2250 365 2328 121,
381 2249 411 2316 5.
434 2250 508 2332 231,
527 2251 593 2332 10),
615 2249 749 2316 medella
764 2249 911 2331 (medella
926 2253 981 2315 aut
996 2248 1128 2314 medilla
1150 2250 1201 2330 33,

87 2350 128 2414 19.
148 2352 198 2435 81,
219 2353 274 2418 22.
300 2353 371 2435 160,
397 2353 425 2418 1.
454 2353 525 2429 196,
548 2355 577 2421 8.
603 2353 673 2437 161,
697 2353 749 2420 20.
780 2353 852 2430 169,
875 2353 926 2418 24.
955 2352 1029 2428 294,
1056 2352 1201 2430 17428,

86 2451 107 2514 l.
127 2451 147 2518 0
168 2454 184 2520 Ι
204 2455 259 2536 21,
284 2455 352 2538 20),
385 2457 436 2523 uel
466 2457 563 2524 etiam
594 2458 769 2524 mmmluue
795 2456 911 2534 019,
935 2454 985 2532 80,
1011 2456 1202 2522 mltldlauuo

86 2553 146 2634 267,
166 2559 218 2626 23.
242 2560 320 2644 277,
343 2560 396 2626 21.
419 2560 493 2640 284,
519 2560 568 2626 10.
592 2561 665 2640 333,
689 2562 741 2627 20.
764 2561 837 2637 337,
861 2559 904 2625 24
933 2564 964 2625 et
992 2561 1075 2641 quod
1101 2561 1202 2643 magis

84 2659 222 2732 incertum
253 2663 304 2730 est
330 2681 452 2730 reuauo
484 2664 537 2744 29,
560 2667 590 2734 9.
613 2665 687 2743 294,
716 2666 757 2730 15
783 2663 881 2748 (BV).
902 2663 976 2742 436,
1002 2664 1052 2728 14.
1074 2664 1147 2747 490,
1172 2664 1202 2732 6.

84 2761 144 2842 491,
167 2766 205 2830 17
213 2790 222 2850 3
255 2767 340 2834 idem
363 2767 448 2834 onim
471 2767 623 2832 auullum
643 2769 716 2846 397,
739 2768 791 2850 20,
820 2766 955 2832 eaulllla
977 2765 1050 2846 348,
1074 2767 1104 2849 8,
1127 2785 1203 2830 ease·

83 2865 227 2936 lillltatem
249 2867 325 2948 206,
349 2869 379 2946 2,
401 2871 501 2936 aallor
522 2872 596 2953 215,
618 2873 670 2950 23,
692 2870 828 2951 (allerae
848 2869 992 2948 452,11‚
1014 2868 1100 2936 lllleo
1123 2868 1201 2953 275,

83 2967 105 3031 9.
124 2971 190 3050 397,
216 2974 270 3052 13,
301 2971 504 3038 malesuada
534 2974 648 3054 014,
673 2974 723 3052 72,
754 2971 915 3038 mellaelus
943 2991 998 3056 pro
1029 2992 1078 3036 nee
1099 2971 1201 3038 laetus

84 3069 181 3151 015,
203 3077 259 3157 49,
283 3075 375 3142 uolut
397 3078 448 3158 67,
472 3079 524 3146 23
551 3079 603 3159 76,
621 3079 671 3161 13,
693 3079 804 3144 uellim
825 3076 878 3158 30,
900 3077 952 3142 21.
977 3075 1049 3154 184,
1070 3076 1103 3142 4.
1125 3075 1200 3154 409,

85 3173 125 3256 28,
145 3178 255 3244 uellem
278 3199 334 3264 pro
356 3181 454 3247 uelim
475 3183 526 3264 20,
550 3183 579 3264 8,
601 3181 692 3247 uellit
715 3181 854 3261 148,13.
880 3181 951 3259 179,
979 3181 1028 3246 11.
1051 3181 1126 3257 370,
1153 3180 1203 3245 15.

85 3277 214 3358 40818.
238 3285 317 3363 409,
339 3286 392 3351 25.
411 3285 607 3368 parentillae
631 3285 703 3372 159,
728 3285 777 3365 16,
799 3283 879 3350 sulti
901 3284 974 3365 267,
1004 3284 1052 3350 17.
1075 3283 1150 3364 402,
1173 3287 1204 3366 8,

85 3382 185 3452 tallieti
206 3388 286 3468 495,
310 3390 340 3468 7,
364 3389 504 3454 tutellam
528 3391 668 3470 154,13,
690 3388 845 3478 alllllatis
866 3388 940 3468 394,
969 3387 1021 3469 21,
1045 3386 1205 3452 lammina

85 3483 310 3576 2t21fflv),
333 3492 407 3574 sar,
429 3491 599 3580 5(eav›‚
623 3492 902 3560 lemausum
925 3492 1069 3576 218,14,
1091 3491 1205 3554 amaa

83 3589 194 3668 prame
221 3595 300 3676 472,
332 3595 367 3679 5,
401 3617 616 3662 remmuueror
643 3597 717 3680 209,
746 3596 803 3673 19,
837 3594 983 3660 tutemet
1011 3592 1203 3675 013,15,

85 3697 327 3788 tmmltlabatur
347 3697 420 3780 369,
447 3699 497 3780 15,
519 3699 628 3766 lillaue'
652 3699 781 3781 19416
806 3698 860 3781 (of.
886 3698 957 3781 170,
974 3697 1015 3764 27
1038 3697 1205 3763 emittendo

85 3793 118 3874 B,
148 3801 323 3868 amittanda
350 3804 405 3886 Τ),
442 3805 620 3870 summimus
651 3803 724 3884 413,
756 3803 808 3881 26,
847 3801 1044 3868 redditurum
1079 3799 1204 3879 1964,

87 3899 216 3969 altram
250 3904 327 3988 223,
358 3903 388 3981 7,
423 3903 594 3970 raddiabat
627 3901 743 3981 clo,
770 3903 824 3984 48,
858 3902 1021 3984 aeffectum
1056 3901 1129 3979 267,
1152 3900 1205 3978 22,

86 4007 299 4086 repperiuntur
327 4007 401 4092 277,
431 4006 460 4086 9,
494 4007 635 4072 eumatio
662 4005 737 4088 215,
766 4007 797 4084 2,
830 4003 1019 4070 Bleseo'llam
1052 4003 1123 4087 195,
1152 4002 1204 4079 27,

85 4121 174 4174 merea
200 4111 278 4190 270,
303 4110 355 4189 25,
389 4129 554 4176 caesarum
582 4109 778 4192 01519,
813 4127 905 4174 casea
926 4125 982 4192 pro
1004 4124 1104 4172 eausa
1131 4105 1204 4189 207,

88 4204 128 4288 12,
153 4211 319 4278 acassam
346 4213 420 4289 258,
445 4211 495 4292 18,
525 4212 706 4278 materiam
734 4211 807 4288 243,
831 4211 883 4290 22,
911 4209 1052 4276 maura
1076 4209 1152 4294 378,
1174 4208 1205 4288 3,

86 4313 204 4380 musmo
227 4315 353 4395 213,1.
376 4315 449 4396 256,
466 4316 496 4396 3,
513 4316 669 4400 promissi
691 4315 765 4393 202,
787 4315 817 4380 9.
841 4314 914 4399 203,
938 4313 958 4378 2
981 4313 1118 4380 exhibet.
1154 4311 1206 4378 hie
