2934 4934
282 358 325 424 34
638 356 753 426 Magni
772 357 900 411 Felicis
918 357 1050 412 Ennodi

284 548 415 614 clariora
441 548 540 613 facere
568 546 715 613 beneficia
743 566 815 625 sua,
846 546 920 613 dum
951 566 1021 613 mea
1049 546 1162 612 merita
1189 548 1277 612 nulla
1297 547 1396 614 iudicii

282 653 371 717 lance
386 652 542 734 pensabat,
562 653 614 716 uel
631 669 777 716 censurae
793 650 960 733 neglegens
976 651 1049 715 dare
1064 649 1201 734 pretium
1216 650 1396 727 muneribus,

283 774 362 837 quae
392 773 457 819 esse
479 753 677 819 monstrabat
705 752 861 830 indebita,
891 752 1036 835 quoniam
1061 752 1192 831 affectio,
1222 772 1301 835 quae
1323 755 1399 817 circa

282 858 415 925 humiles
437 857 613 938 exhibetur,
642 876 702 923 non
730 856 826 921 babet
855 858 1071 921 necessitatem
1100 858 1132 919 et
1162 856 1295 939 speciem
1317 874 1396 921 suam

283 980 337 1044 per
359 960 472 1026 sudum
493 960 638 1025 rutilanti
659 959 822 1043 splendore
845 959 1012 1043 significat.
1050 960 1103 1024 diu
1130 976 1202 1041 ergo
1225 960 1283 1024 tali
1305 959 1428 1023 fultusa

283 1064 354 1145 post
373 1066 465 1129 deum
492 1064 746 1145 praesumptione
776 1079 836 1126 non
865 1060 959 1127 timui
993 1060 1140 1144 quioquid
1169 1063 1397 1147 obloquentium

283 1164 386 1230 toxica
406 1167 641 1248 promittebant.
665 1167 716 1230 ast
737 1163 791 1229 ubi
805 1183 856 1228 me
879 1164 918 1229 ad
941 1164 1104 1248 antiquum
1126 1164 1287 1247 puluerem
1309 1165 1399 1229 uestri

282 1268 405 1332 reduxit
428 1268 560 1348 obliuio,
589 1268 669 1351 quod
697 1269 730 1332 in
758 1266 872 1333 solacio
899 1267 978 1332 solet
999 1266 1126 1332 nudetis
1149 1268 1309 1334 defensore
1331 1287 1399 1335 con-

281 1372 417 1455 tingere,
447 1371 536 1453 quasi
558 1372 754 1454 querelarum
788 1370 971 1453 perlatrices
994 1370 1115 1435 litteras
1137 1374 1310 1454 prorogant
1334 1391 1400 1455 pro·

282 1474 410 1539 mittens
441 1472 519 1539 mihi
552 1477 590 1540 de
624 1492 732 1539 earum
764 1474 992 1556 inportunitate
1025 1490 1217 1555 responsum.
1263 1477 1317 1540 sed
1350 1494 1431 1558 pera

283 1578 518 1659 occupationum
548 1576 678 1642 forsitan
711 1578 885 1660 amplitudo
919 1576 1024 1641 uestra
1056 1576 1320 1660 praepedientium
1354 1579 1400 1642 in·

283 1684 442 1745 crementa
464 1679 622 1762 significat
643 1683 682 1745 ad
704 1679 781 1745 baec
803 1696 861 1745 uos
883 1678 985 1745 officia
1006 1696 1068 1744 non
1090 1680 1206 1744 uenire.
1236 1681 1401 1763 replicabo,

282 1782 355 1863 quia
369 1783 453 1847 idem
468 1783 571 1846 status
586 1781 647 1845 luit
658 1781 805 1846 culminia
820 1782 918 1847 uestri
936 1781 1053 1847 dudum
1064 1784 1193 1865 paginas
1209 1783 1400 1849 destinantis.

283 1883 460 1949 admoram
482 1886 589 1949 tamen
611 1883 789 1965 scriptionis
811 1883 1008 1967 epistulariae
1031 1903 1081 1949 me
1103 1884 1225 1961 reduco,
1249 1904 1288 1950 ue
1312 1885 1404 1951 addat
1443 1908 1444 1917 ¹

282 1986 441 2068 proliritas
473 1988 593 2068 ingesta
633 1985 795 2051 fastidium
835 1987 868 2051 et
895 1987 1040 2070 denegari
1062 1987 1194 2071 paginas
1216 1988 1314 2054 faciat
1338 2006 1432 2053 mro-u

282 2088 330 2170 gis
353 2088 499 2171 allegatio
522 2107 600 2170 quae
618 2089 767 2172 poposcit.
792 2089 915 2154 domine
931 2091 984 2174 mi,
1008 2090 1207 2155 salutationis
1223 2092 1404 2175 obsequium

283 2193 369 2257 soluo
392 2197 422 2257 et
446 2192 484 2257 de
505 2193 679 2258 ualitudine
712 2198 819 2259 uestra
846 2194 883 2258 ut
911 2194 1013 2259 animo
1046 2194 1202 2279 obligatus
1237 2196 1403 2278 interrogo,

284 2294 408 2377 cupiens
429 2296 589 2361 relationis
611 2297 722 2362 indicio
746 2299 784 2362 ad
806 2299 930 2381 gemina
951 2298 1102 2363 desideria
1122 2299 1295 2380 peruenire.

782 2484 902 2549 XXIII.

653 2618 837 2675 eunomus
865 2618 1027 2674 SENARIO.
1417 2632 1439 2670 so

324 2742 431 2806 Perdit
464 2742 587 2806 affectio
619 2742 827 2808 ualitudinem
860 2742 978 2807 silentii
1006 2741 1169 2808 debilitata
1198 2745 1324 2823 torpore
1352 2760 1409 2806 nec

282 2845 322 2908 ad
344 2862 434 2909 usum
457 2864 548 2909 suum
577 2844 758 2929 diligentiae
788 2864 896 2911 cursus
920 2843 1078 2929 exuberat,
1112 2843 1140 2909 si
1161 2844 1298 2909 nudetur
1324 2864 1410 2911 com·

282 2948 428 3012 munione
461 2947 624 3029 conloquii.
670 2952 758 3013 muta
786 2950 899 3014 caritas
927 2966 1004 3029 pene
1031 2950 1241 3030 repraesentat
1269 2950 1409 3029 speeiem

281 3068 340 3113 non
375 3051 517 3129 amantis,
551 3050 744 3116 stadiorum
777 3052 978 3117 simulacrum
1004 3050 1135 3115 estnon
1169 3051 1289 3133 aperire
1328 3050 1411 3133 quod

281 3152 394 3235 diligas
406 3153 630 3219 contestatione
642 3154 803 3219 sermonis.
820 3156 883 3220 ista
894 3153 1083 3221 sublimitati
1094 3156 1442 3236 tuaecorampositusa

281 3256 434 3334 intimam,
457 3274 527 3320 cnm
543 3258 581 3321 ad
597 3256 748 3322 solacium
765 3256 923 3323 absentiae
944 3274 1032 3323 meae
1046 3256 1169 3322 litteras
1185 3258 1412 3339 promittebas.

281 3359 314 3421 at
337 3376 418 3423 nuuc
440 3376 517 3440 quae
539 3360 678 3423 animum
704 3363 842 3425 uestrum
868 3361 930 3425 mei
952 3360 1069 3425 inuasit
1091 3358 1217 3439 obliuio,
1241 3364 1278 3424 ut
1304 3360 1413 3425 nullas

331 3578 430 3646 3esse]
449 3579 492 3630 est
509 3576 537 3631 L
637 3576 809 3632 derhlbitnr
827 3579 855 3633 Β
956 3580 1122 3649 dquidquid
1141 3582 1168 3636 Β
1272 3582 1416 3639 8solatio

282 3664 335 3717 LT
426 3663 504 3733 solet]
522 3662 603 3717 debet
619 3663 702 3719 Sim.
801 3664 1010 3733 9querellarum
1029 3667 1058 3721 Β
1155 3669 1185 3722 11
1206 3670 1415 3739 occupationem

281 3749 319 3801 B¹
425 3749 457 3802 12
475 3748 607 3817 significet
624 3750 652 3803 Β
755 3749 888 3819 replicabo
910 3750 1179 3808 Vboiaros.m.1
1287 3756 1325 3813 14
1344 3772 1418 3811 amo·

280 3851 335 3889 rem
356 3836 391 3887 T¹
493 3835 649 3890 scribtionis
666 3835 694 3890 Β
797 3836 967 3906 epistolariae
989 3838 1024 3892 V¹
1044 3840 1296 3904 aurocrorum.
1318 3849 1347 3909 1)

281 3924 313 3977 15
340 3921 447 3992 ingesto
476 3923 508 3974 ΤΙ
611 3922 644 3976 16
670 3922 738 3976 mihi
762 3922 850 3977 BLV
949 3924 981 3977 17
1007 3924 1149 3995 ablegatus
1172 3925 1199 3979 Β
1310 3929 1348 3985 18
1377 3930 1417 3984 iu·

280 4009 349 4063 ditio
368 4008 460 4063 ΡΤ·

331 4109 437 4167 xxm.
472 4112 504 4165 21
532 4112 682 4166 ualitudine
709 4111 737 4166 L
762 4118 795 4167 at
821 4112 934 4168 uidetur
1054 4114 1162 4169 silentis
1183 4114 1211 4170 L
1236 4114 1348 4172 ieras.

280 4196 315 4250 23
332 4212 397 4266 pene
414 4213 464 4255 om.
484 4198 510 4251 Τ
603 4198 715 4267 speciem
736 4200 762 4253 Τ
776 4199 808 4253 a'a
826 4214 881 4254 roe.
899 4202 966 4253 na2
1068 4200 1102 4255 24
1121 4201 1296 4255 simulacrum
1318 4204 1349 4257 Β

280 4282 314 4336 26
332 4282 459 4337 solatium
477 4283 529 4338 BT
629 4284 663 4337 27
681 4284 715 4338 ad
733 4284 761 4338 Β
