2934 4934
228 399 294 468 484
589 399 704 469 Magni
721 398 852 455 Felicis
869 401 1001 456 Ennodi

228 608 391 676 pompam,
425 606 520 673 quam
551 586 692 671 probitas
725 588 856 656 defensa
880 588 1044 673 parturiet.
1077 592 1224 676 prooedut
1252 597 1359 659 eontn

229 692 523 777 eloquentissimum
546 696 650 759 uirum
671 692 856 759 caelestium
877 692 985 759 funere
1008 693 1132 761 munita
1152 695 1358 777 simplicitas:

227 799 267 864 ds
288 796 405 863 fidueis
424 795 564 880 partium
587 797 768 863 nostrarum
790 795 891 864 oritur
912 797 994 880 quod
1015 798 1176 864 sudemus.
1210 818 1268 865 uos
1289 802 1359 866 tan·

227 897 397 980 tummodo,
411 899 567 983 prinsipes
580 900 652 982 uiri,
662 899 890 984 benignitatem
899 902 1037 967 uoetrum
1051 901 1141 968 salua
1153 902 1280 968 aurium
1290 905 1358 970 sni·

226 1021 409 1085 morumque
431 1002 574 1068 cautione
596 1002 769 1087 praestate,
802 1023 841 1069 ne
863 1007 1012 1071 ooturnus
1034 1004 1088 1071 ille
1110 1004 1278 1071 sublimior
1299 1008 1388 1072 on’ss

226 1107 376 1173 facultate
398 1123 460 1190 qua
474 1106 636 1189 praeualet
650 1108 684 1172 in
699 1105 892 1191 possessione
905 1126 963 1175 sua
977 1106 1086 1175 eredat
1099 1126 1167 1175 esse
1181 1110 1357 1177 uietorisnu

225 1210 371 1293 quidest
393 1209 479 1277 sliud
510 1212 660 1277 aduersus
691 1209 758 1277 eius
788 1210 925 1295 impetus
947 1228 1004 1279 nos
1026 1211 1151 1295 innare,
1185 1213 1247 1279 nisi
1269 1232 1358 1296 pere·

224 1313 402 1397 grinantem
424 1316 570 1381 redueere
593 1314 665 1396 post
686 1313 857 1380 interualla
877 1312 1057 1381 iustitiam?

678 1498 905 1556 Pamcfflvnn

266 1620 450 1702 Gauderom,
475 1623 649 1708 eognitores
672 1623 870 1706 amplissimi,
892 1623 1029 1689 euasisse
1044 1642 1095 1690 me
1116 1624 1265 1707 pedorem
1287 1644 1388 1692 eur-e

223 1726 317 1807 oeris,
346 1726 449 1793 ulnela
471 1726 663 1811 piratarum,
693 1726 755 1791 nisi
777 1744 919 1811 regresso
940 1726 1020 1792 mihi
1042 1744 1269 1812 myoparonum
1291 1729 1358 1795 looo

222 1832 310 1913 pater
338 1829 494 1897 existeret.
529 1830 652 1913 quaerit
674 1848 693 1897 a
715 1850 767 1895 me
788 1831 994 1909 alimentum,
1024 1849 1116 1913 quem
1138 1850 1196 1897 neo
1217 1849 1297 1897 auro
1319 1833 1357 1899 ab

222 1932 366 1999 hostibus
388 1952 446 2000 neo
461 1934 601 2000 laorimis
615 1933 776 2002 liberauit.
798 1935 891 2017 putat
904 1937 986 2018 quod
1001 1934 1050 2000 illi
1064 1934 1181 2000 debeat
1196 1952 1357 2018 regressus

222 2036 289 2102 elus
312 2036 469 2119 proficere,
493 2056 587 2121 quem
609 2056 681 2104 oum
704 2037 810 2121 potuit
830 2056 893 2103 non
915 2038 1059 2103 redemit.
1087 2037 1207 2103 frustra
1229 2042 1357 2121 pastum

221 2140 369 2207 benefioio
397 2140 477 2224 legis
494 2141 662 2223 inploras,
693 2140 748 2224 qui
769 2140 862 2206 luetis
884 2141 948 2208 tuis
971 2145 1103 2206 naturus
1125 2140 1197 2207 iure
1218 2128 1386 2208 soluistis

220 2242 358 2309 exbiberi
387 2244 508 2310 uiotum
536 2245 680 2329 putribus
710 2246 759 2310 ius
788 2245 945 2311 desernit:
977 2264 1038 2311 non
1067 2246 1115 2311 est
1137 2247 1357 2314 tantummodo

219 2350 450 2413 sacramentum
480 2348 566 2415 istud
594 2346 630 2412 iu
652 2345 789 2414 nomine.
825 2348 911 2416 dieat
931 2350 984 2414 uel
1005 2348 1126 2434 piretu,
1148 2348 1178 2415 si
1199 2352 1292 2434 puter
1313 2368 1355 2415 es.
1434 2397 1435 2404 ι

220 2450 382 2516 meliorem
412 2470 463 2517 me
493 2451 588 2518 fuisse
617 2455 742 2519 mortuo
771 2470 864 2535 saepe
894 2470 966 2519 oum
995 2454 1148 2537 loqueris,
1183 2471 1356 2537 numquam

221 2552 361 2620 ostendis
384 2573 460 2635 esse,
483 2573 555 2620 uum
573 2555 702 2621 iudioas.
735 2556 824 2621 uiam
838 2556 1002 2639 oulperum
1015 2555 1159 2641 germani
1176 2556 1355 2623 deoedentis

218 2658 393 2725 adtendite:
417 2657 483 2742 ipse
497 2660 599 2743 magis
614 2659 766 2743 genitoris
781 2661 921 2727 moribus
936 2678 993 2743 par
1007 2659 1112 2747 <f)uit
1126 2660 1180 2744 qui
1194 2662 1386 2743 praelatus»

219 2762 284 2827 est:
308 2780 364 2847 ego
387 2780 448 2846 quo
470 2764 573 2829 omine
595 2762 697 2829 uitam
720 2780 824 2828 meam
845 2782 901 2845 per
923 2765 1084 2829 extraneos
1106 2761 1146 2829 ab
1169 2762 1242 2828 istis
1264 2764 1355 2830 sotus

218 2866 389 2949 exegerim,
417 2865 614 2932 declaratum
636 2870 701 2945 est,
733 2884 806 2932 oum
828 2886 879 2931 me
901 2868 990 2949 puter
1012 2867 1219 2950 praedonibus
1242 2871 1355 2951 sponte

218 2968 395 3051 dereliquit.
430 2968 536 3037 ualida
564 2967 626 3035 sibi
661 2968 787 3035 uidetur
813 2968 965 3036 aduersus
1000 2968 1139 3036 sobolem
1167 2972 1356 3054 argumente

217 3088 402 3155 proponere,
434 3090 506 3137 eum
534 3072 763 3157 propensiorem
790 3074 927 3156 gratiam
949 3074 1099 3139 meruisse
1122 3072 1222 3140 iaetet
1245 3072 1356 3158 eulpa·

268 3276 284 3331 1
306 3271 427 3329 brobitss
449 3275 478 3329 Β
580 3274 752 3331 defensa-t
770 3280 789 3332 8
812 3276 948 3331 iustitium
966 3292 1017 3331 osu.
1039 3277 1067 3332 Β
1170 3275 1188 3331 3
1212 3276 1354 3333 laudemus

217 3359 244 3416 Τ
328 3362 438 3415 mutum
457 3359 540 3417 &stra
626 3363 835 3418 sutrinorum
852 3362 881 3417 Β
968 3361 1113 3418 8stioism
1132 3362 1159 3418 T
1242 3364 1354 3435 bprin·

215 3445 315 3517 eipium
333 3446 405 3517 kap.
432 3447 461 3503 Β
483 3463 517 3502 ιιι
540 3462 616 3515 reo.,·
645 3448 731 3503 orstio
758 3448 795 3502 ed
819 3447 923 3503 iudioee
949 3449 1034 3504 imur.
1060 3449 1089 3503 Β
1114 3451 1159 3514 (ιιι
1177 3451 1285 3517 seul-b

217 3533 250 3589 10
275 3532 480 3588 eonditores'B
603 3535 634 3590 11
662 3534 765 3623 uinelas
792 3536 821 3590 Β
938 3536 1097 3605 pyratarum
1122 3534 1240 3617 ΒΒΖὟ
1260 3544 1289 3594 ιι
1312 3537 1353 3594 sie

211 3642 311 3707 postea
414 3652 550 3707 regressae
576 3638 604 3692 Β
710 3637 949 3708 miopsrouumT
1051 3638 1083 3693 12
1107 3639 1231 3694 enebris
1252 3640 1285 3697 Β

215 3739 345 3795 alimento
362 3740 465 3797 mo
552 3740 586 3827 ab
604 3742 632 3796 B
729 3742 764 3796 13
781 3741 879 3796 liberat
898 3742 1008 3798 M'V·
1074 3741 1108 3796 14
1124 3744 1236 3813 partum
1253 3744 1284 3799 Β

215 3862 248 3916 15
266 3863 363 3917 mue
374 3862 467 3918 neu
550 3863 610 3917 res
621 3864 738 3919 ezrae
755 3864 783 3918 B
876 3828 1281 3950 reexhiberen,ex¹ibar{13

215 3964 248 4019 11
271 3967 296 4021 si
312 3966 414 4036 puteris
437 3966 508 4024 eoos,
526 3966 654 4023 Smttus
760 3967 794 4023 18
820 3967 941 4037 lequerss
967 3968 1008 4023 Βι
1113 3966 1145 4023 19
1174 3968 1295 4023 ostendit
1323 3968 1351 4022 L

215 4050 282 4111 mu
375 4052 466 4123 uem]
484 4053 616 4112 rreum
636 4053 703 4120 forr.
809 4053 955 4110 emanue
977 4054 1098 4116 suun
1124 4069 1175 4111 ee·
1194 4053 1279 4110 son

213 4156 454 4225 perluitsonpsi,
480 4158 656 4228 puruitlebrs‘
750 4156 1021 4215 211ιοιιι1ιιοΒΒΤι
1114 4130 1253 4225 moins,
1279 4157 1349 4213 aeti·

212 4240 263 4295 bus
281 4240 309 4297 Β
403 4240 438 4298 12
454 4244 584 4313 exigerim
600 4243 1052 4315 B¹eemneleu1nneu¹
1146 4243 1348 4314 solumnodo

212 4326 253 4381 Β·
356 4328 391 4383 24
407 4330 578 4397 pproximnm
598 4330 624 4384 T
