2934 4934
210 371 279 440 362.
568 368 679 439 Magni
697 367 826 423 delicis
844 367 978 423 Ennodi

211 577 309 645 paene
327 553 495 627 tiernium
528 560 630 644 exegit
658 558 784 643 taliter,
812 561 850 623 ut
870 559 911 624 ab
934 575 970 622 eo
998 557 1108 624 tientes
1136 557 1344 635 ‹lieoederent¹

211 666 308 732 etiam
331 664 371 728 ad
393 666 537 748 parentes
558 666 592 729 et
613 662 754 729 familias
775 662 955 746 regressuri.

254 783 424 868 Postquam
446 802 520 849 uero
544 783 777 866 perfuncturus
801 787 848 847 est
865 779 978 848 misero
1001 781 1181 865 exitialique
1203 777 1286 846 bello
1311 784 1345 846 et

211 889 288 953 nieit
321 887 364 963 is,
400 887 486 951 euius
519 889 589 969 post
622 885 817 968 triumphum
850 883 1019 968 spoliatum
1051 886 1167 968 uagina
1198 883 1345 968 gladium

211 990 317 1056 nullus
339 991 477 1074 aspexit,
503 992 555 1072 qui
577 990 862 1074 praesumptionem
885 987 1035 1052 exereitus
1057 987 1106 1053 sui
1129 1005 1202 1052 eum
1222 985 1380 1070 proelior

211 1091 412 1175 terminauit,
444 1093 517 1158 ilino
546 1093 708 1176 adgressus
739 1093 787 1156 est
814 1089 1010 1156 reuerendus
1031 1087 1170 1172 pontifex
1192 1086 1344 1156 demtis

211 1215 284 1263 suas
312 1197 507 1280 reparatione
537 1197 688 1274 tractare,
722 1210 816 1278 qnam
839 1196 876 1259 ut
897 1193 1034 1277 primum
1056 1194 1161 1278 dignis
1183 1193 1346 1275 conploret

212 1299 450 1379 habitatoribus,
474 1297 626 1382 spiritalis
641 1297 800 1381 prospexit
815 1297 1039 1363 deliberatione
1055 1296 1188 1363 eonsrlii.
1216 1299 1248 1361 et
1261 1293 1345 1361 lieet

212 1421 281 1468 eam
310 1403 437 1486 precatu
463 1401 553 1467 illius
582 1401 718 1466 inolente
747 1401 853 1465 nnllns
881 1399 916 1464 in
945 1397 1129 1466 uastitatem
1157 1397 1343 1481 temporalis

210 1506 364 1590 proeellas
387 1504 480 1570 turbo
504 1503 687 1589 dispulerat,
711 1522 822 1587 parum
844 1508 951 1568 tamen
973 1503 1118 1569 eradebat
1139 1520 1229 1586 posse
1249 1501 1381 1570 suto-e

213 1627 291 1687 cere,
314 1607 341 1674 si
363 1607 433 1690 post
455 1609 579 1673 ruinam
602 1606 744 1672 omnium
766 1605 910 1691 Liguriae
933 1605 1099 1671 einitatnm
1121 1603 1250 1671 'lieinus
1271 1603 1345 1670 suis

211 1715 336 1778 tantum
358 1714 505 1777 eontenta
520 1709 675 1794 indigenis
691 1707 854 1776 exultaret.
874 1708 974 1792 eoepit
988 1708 1196 1774 finitimarum
1210 1706 1346 1773 urbium

211 1819 311 1881 oertos
333 1833 469 1898 quosque
491 1815 528 1879 de
544 1813 667 1878 sinibus
683 1811 829 1877 flosculos
849 1812 954 1898 legere
975 1815 1071 1894 atque
1091 1812 1132 1876 ad
1147 1829 1217 1877 suos
1231 1811 1346 1875 hortos
1445 1832 1451 1884 ι

214 1916 316 1984 enar
338 1917 469 2001 esurgunt
492 1915 652 1998 plantaria
674 1915 739 1980 am
757 1914 889 1997 prosae
910 1916 1043 1997 prere
1067 1915 1106 1982 ue
1121 1914 1231 2005 quom
1251 1912 1346 1999 aege
1442 1893 1451 2029 f

212 2023 244 2086 et
265 2019 394 2086 idoneus
417 2019 581 2102 aptissima
603 2021 727 2101 saperet
748 2035 842 2100 poma
863 2033 1035 2099 posseemr.
1355 2048 1385 2089 rs
1449 2031 1451 2038 ·

254 2137 378 2203 Interea
414 2135 521 2203 subita
557 2137 698 2203 animum
733 2135 999 2220 praestantissimi
1034 2137 1119 2218 regis
1155 2134 1346 2202 munderici

211 2240 398 2307 deliberatio
422 2241 600 2325 oeoupault,
629 2243 667 2306 nt
694 2239 759 2306 illie
782 2243 908 2305 tuntum
929 2241 1087 2306 Romanae
1109 2238 1263 2306 lrlsertatis
1290 2241 1346 2305 ius

212 2341 374 2422 tribueret,
397 2359 475 2427 quos
497 2345 640 2428 partious
661 2344 763 2426 ipsius
782 2341 859 2408 tides
882 2343 1059 2410 examinata
1081 2342 1240 2424 taurina,
1262 2343 1347 2410 illos

210 2464 293 2526 uero,
310 2463 386 2530 quos
400 2447 506 2530 aliqua
521 2448 689 2513 nenessitas
705 2443 866 2530 diuiserat,
888 2446 929 2512 ab
944 2450 1031 2514 omni
1045 2447 1140 2514 iussit
1154 2447 1346 2515 attentandi

213 2551 245 2616 et
265 2551 497 2616 ordinationum
531 2569 658 2616 suarum
687 2569 722 2616 ae
750 2552 951 2616 uoluntetuun
984 2552 1115 2617 lieentia
1146 2550 1385 2620 submoueri.»

211 2669 271 2735 qna
299 2655 453 2719 sententia
478 2655 679 2738 promulgata
701 2656 733 2717 et
755 2653 879 2736 legibus
906 2653 991 2718 eirea
1012 2654 1164 2737 plurimos
1183 2654 1243 2719 tali
1263 2655 1345 2740 lege

211 2755 337 2823 elatio
367 2757 513 2824 uniuersa
540 2757 636 2822 Italia
663 2756 1011 2822 lamentabiliiustitr'o
1038 2756 1229 2824 sublatebat
1269 2757 1345 2824 itur

211 2877 317 2925 mreus
340 2859 379 2925 ad
403 2858 510 2944 illum,
539 2859 593 2942 qui
621 2877 717 2924 manu
737 2860 863 2925 medios
883 2857 1016 2942 publicis
1039 2863 1238 2926 consueuerat
1257 2861 1344 2928 aub-

212 2965 318 3030 uenire
340 2962 533 3040 uulneribus,
556 2962 644 3029 euius
666 2963 754 3029 fonte
775 2979 997 3029 aerumnarum
1019 2981 1111 3049 saepe
1128 2964 1231 3030 luerat
1244 2964 1344 3031 ardor

210 3066 375 3132 extinctus.
416 3067 469 3149 qui
504 3067 580 3130 dum
607 3083 642 3130 ee
669 3065 787 3131 diceret
819 3067 921 3130 solum
955 3068 994 3132 ad
1027 3067 1150 3133 tanturn
1181 3069 1381 3134 summamus

209 3169 419 3235 sustinendam
455 3186 515 3234 non
537 3187 625 3252 posse
649 3168 808 3247 sufficere,
841 3173 970 3253 rogatur
998 3171 1117 3252 pariter
1146 3169 1342 3236 uenerabilis

262 3411 276 3462 l
294 3423 362 3480 pene
385 3407 410 3462 V
511 3409 599 3479 exiget
620 3409 648 3462 Β
752 3407 920 3462 ᾶίιιιάιιιιιι
938 3407 996 3474 (ult.
1015 3406 1033 3462 d
1051 3423 1085 3462 ex
1103 3425 1121 3461 n
1138 3409 1266 3477 coralli

208 3495 334 3617 asiis
419 3501 590 3616 snerlisr
674 3529 790 3599 aripret
807 3530 890 3585 urea
977 3531 1221 3601 presumptuosus
1238 3529 1267 3586 Β

208 3633 293 3703 prelio
313 3634 346 3688 »Β
457 3631 612 3703 dpoutiiix
637 3632 665 3687 Β
777 3634 810 3688 10
834 3635 949 3703 proeelle
974 3635 1002 3690 Β
1105 3637 1214 3721 partum
1242 3635 1269 3691 Β

210 3733 241 3790 12
268 3737 394 3806 eoutlpta
420 3734 447 3789 Y
547 3734 691 3812 exsultaret
718 3736 746 3807 I
748 3734 775 3790 V
872 3736 1051 3794 finitimarum
1075 3755 1101 3793 u.
1123 3739 1157 3808 o]
1184 3739 1342 3800 ιιίάιιιηιι

207 3819 314 3876 urbium
332 3821 464 3876 finitimos
482 3821 564 3878 Sim.
669 3823 702 3877 13
725 3822 759 3876 ad
778 3839 828 3880 one.
846 3823 887 3890 B,
913 3824 942 3877 in
960 3823 1030 3878 Bou.
1134 3824 1169 3879 14
1191 3825 1344 3896 diligenter

207 3907 290 3963 Sirra
394 3909 471 3977 fruge
489 3909 517 3962 et
537 3913 560 3974 (e
577 3909 606 3962 et
623 3924 657 3962 eu
675 3907 723 3962 ie?
742 3912 822 3975 corr.)
846 3908 873 3963 Β
976 3909 1068 3980 fruges
1091 3910 1201 3966 idoneas
1221 3915 1249 3966 et
1264 3917 1343 3969 aaut

207 4011 333 4067 armare
438 4013 470 4067 15
486 4025 584 4082 pompa
602 4009 699 4066 nno?
797 4011 833 4066 16
850 4010 996 4068 tetoderiei
1014 4012 1042 4069 L
1140 4012 1173 4068 15
1190 4013 1344 4073 inuexisset

207 4095 235 4150 Β
338 4097 372 4150 22
398 4097 507 4153 iustioio
534 4093 646 4152 BLTV
744 4096 809 4168 itur]
834 4094 921 4168 igitur
943 4097 985 4167 Β,
1013 4100 1070 4154 itur
1093 4099 1181 4170 igitur
1201 4100 1267 4168 fort.

207 4215 241 4270 23
261 4183 368 4285 publie's'
396 4215 423 4273 V
527 4217 561 4274 24
583 4230 752 4274 erumnamm
775 4219 889 4276 BLTV
987 4234 1082 4290 saepae
1104 4219 1133 4275 Β
1235 4223 1271 4277 25
1295 4241 1342 4280 ex·

207 4301 322 4357 stinotur
343 4301 399 4357 TV
