<?xml version="1.0" encoding="UTF-8"?>
<!DOCTYPE html PUBLIC "-//W3C//DTD XHTML 1.0 Transitional//EN"
    "http://www.w3.org/TR/xhtml1/DTD/xhtml1-transitional.dtd">
<html xmlns="http://www.w3.org/1999/xhtml" xml:lang="en" lang="en">
 <head>
  <title>
</title>
<meta http-equiv="Content-Type" content="text/html;charset=utf-8" />
  <meta name='ocr-system' content='tesseract 3.04.00' />
  <meta name='ocr-capabilities' content='ocr_page ocr_carea ocr_par ocr_line ocrx_word'/>
</head>
<body>
  <div class='ocr_page' id='page_1' title='image "./corpusscriptoru13wissgoog_0241.png"; bbox 0 0 2934 4934; ppageno 0'>
   <div class='ocr_carea' id='block_1_1' title="bbox 485 418 884 489">
    <p class='ocr_par' dir='ltr' id='par_1_1' title="bbox 485 418 884 489">
     <span class='ocr_line' id='line_1_1' title="bbox 485 418 884 489; baseline 0.005 -16"><span class='ocrx_word' id='word_1_1' title='bbox 485 418 723 489; x_wconf 74' lang='lat' dir='ltr'><strong>Epistularum</strong></span> <span class='ocrx_word' id='word_1_2' title='bbox 745 420 834 475; x_wconf 89' lang='lat' dir='ltr'><strong>liber</strong></span> <span class='ocrx_word' id='word_1_3' title='bbox 852 420 884 477; x_wconf 86' lang='lat' dir='ltr'><strong>V.</strong></span> 
     </span>
    </p>
   </div>
   <div class='ocr_carea' id='block_1_2' title="bbox 485 626 884 821">
    <p class='ocr_par' dir='ltr' id='par_1_2' title="bbox 485 626 884 821">
     <span class='ocr_line' id='line_1_2' title="bbox 614 626 750 693; baseline -0.015 0"><span class='ocrx_word' id='word_1_4' title='bbox 614 626 750 693; x_wconf 83' lang='lat' dir='ltr'>XVIIII.</span> 
     </span>
     <span class='ocr_line' id='line_1_3' title="bbox 485 763 884 821; baseline 0.003 -2"><span class='ocrx_word' id='word_1_5' title='bbox 485 763 668 821; x_wconf 73' lang='lat' dir='ltr'><strong>Plsnnmo</strong></span> <span class='ocrx_word' id='word_1_6' title='bbox 689 763 884 821; x_wconf 75' lang='lat' dir='ltr'>ENNODIVS.</span> 
     </span>
    </p>
   </div>
   <div class='ocr_carea' id='block_1_3' title="bbox 86 886 1247 1794">
    <p class='ocr_par' dir='ltr' id='par_1_3' title="bbox 86 886 1247 1794">
     <span class='ocr_line' id='line_1_4' title="bbox 157 886 1247 973; baseline 0.003 -21"><span class='ocrx_word' id='word_1_7' title='bbox 157 892 229 954; x_wconf 85' lang='lat' dir='ltr'><strong>Non</strong></span> <span class='ocrx_word' id='word_1_8' title='bbox 250 890 286 953; x_wconf 93' lang='lat' dir='ltr'><strong>in</strong></span> <span class='ocrx_word' id='word_1_9' title='bbox 308 888 339 955; x_wconf 83' lang='lat' dir='ltr'><strong>te</strong></span> <span class='ocrx_word' id='word_1_10' title='bbox 362 886 499 954; x_wconf 73' lang='lat' dir='ltr'><strong>admim</strong></span> <span class='ocrx_word' id='word_1_11' title='bbox 521 889 673 955; x_wconf 88' lang='lat' dir='ltr'><strong>sermonis</strong></span> <span class='ocrx_word' id='word_1_12' title='bbox 695 887 936 967; x_wconf 73' lang='lat' dir='ltr'><strong>abstinentiam,</strong></span> <span class='ocrx_word' id='word_1_13' title='bbox 965 886 1038 971; x_wconf 89' lang='lat' dir='ltr'><strong>qnia</strong></span> <span class='ocrx_word' id='word_1_14' title='bbox 1060 888 1114 971; x_wconf 89' lang='lat' dir='ltr'><strong>qui</strong></span> <span class='ocrx_word' id='word_1_15' title='bbox 1137 889 1247 973; x_wconf 83' lang='lat' dir='ltr'><strong>exigna</strong></span> 
     </span>
     <span class='ocr_line' id='line_1_5' title="bbox 118 988 1245 1077; baseline -0.001 -19"><span class='ocrx_word' id='word_1_16' title='bbox 118 992 290 1059; x_wconf 81' lang='lat' dir='ltr'><strong>coudIderit</strong></span> <span class='ocrx_word' id='word_1_17' title='bbox 310 991 359 1059; x_wconf 88' lang='lat' dir='ltr'><strong>nil</strong></span> <span class='ocrx_word' id='word_1_18' title='bbox 379 991 536 1077; x_wconf 87' lang='lat' dir='ltr'><strong>producit.</strong></span> <span class='ocrx_word' id='word_1_19' title='bbox 560 992 662 1058; x_wconf 86' lang='lat' dir='ltr'><strong>credis</strong></span> <span class='ocrx_word' id='word_1_20' title='bbox 684 991 742 1057; x_wconf 87' lang='lat' dir='ltr'><strong>sub</strong></span> <span class='ocrx_word' id='word_1_21' title='bbox 764 991 823 1057; x_wconf 89' lang='lat' dir='ltr'><strong>hac</strong></span> <span class='ocrx_word' id='word_1_22' title='bbox 846 990 1003 1057; x_wconf 87' lang='lat' dir='ltr'><strong>occasione</strong></span> <span class='ocrx_word' id='word_1_23' title='bbox 1020 988 1175 1075; x_wconf 88' lang='lat' dir='ltr'><strong>profectus</strong></span> <span class='ocrx_word' id='word_1_24' title='bbox 1197 992 1245 1057; x_wconf 91' lang='lat' dir='ltr'><strong>tui</strong></span> 
     </span>
     <span class='ocr_line' id='line_1_6' title="bbox 99 1092 1246 1177; baseline 0.003 -19"><span class='ocrx_word' id='word_1_25' title='bbox 99 1095 215 1160; x_wconf 75' lang='lat' dir='ltr'><strong>slatere</strong></span> <span class='ocrx_word' id='word_1_26' title='bbox 236 1094 471 1161; x_wconf 72' lang='lat' dir='ltr'><strong>substantiam?</strong></span> <span class='ocrx_word' id='word_1_27' title='bbox 493 1098 526 1161; x_wconf 91' lang='lat' dir='ltr'><strong>et</strong></span> <span class='ocrx_word' id='word_1_28' title='bbox 539 1094 737 1161; x_wconf 83' lang='lat' dir='ltr'><strong>taciturnitas</strong></span> <span class='ocrx_word' id='word_1_29' title='bbox 754 1094 936 1177; x_wconf 81' lang='lat' dir='ltr'><strong>inperitiam</strong></span> <span class='ocrx_word' id='word_1_30' title='bbox 951 1092 1054 1177; x_wconf 89' lang='lat' dir='ltr'><strong>prodit</strong></span> <span class='ocrx_word' id='word_1_31' title='bbox 1069 1094 1101 1159; x_wconf 89' lang='lat' dir='ltr'><strong>et</strong></span> <span class='ocrx_word' id='word_1_32' title='bbox 1115 1093 1246 1161; x_wconf 86' lang='lat' dir='ltr'><strong>infabri-</strong></span> 
     </span>
     <span class='ocr_line' id='line_1_7' title="bbox 118 1196 1247 1282; baseline 0.001 -20"><span class='ocrx_word' id='word_1_33' title='bbox 118 1198 188 1263; x_wconf 89' lang='lat' dir='ltr'><strong>eeta</strong></span> <span class='ocrx_word' id='word_1_34' title='bbox 221 1196 434 1263; x_wconf 87' lang='lat' dir='ltr'><strong>oonisbulatio</strong></span> <span class='ocrx_word' id='word_1_35' title='bbox 465 1196 649 1264; x_wconf 89' lang='lat' dir='ltr'><strong>manifestat</strong></span> <span class='ocrx_word' id='word_1_36' title='bbox 684 1196 860 1263; x_wconf 81' lang='lat' dir='ltr'><strong>mfmtiam</strong></span> <span class='ocrx_word' id='word_1_37' title='bbox 905 1196 1026 1263; x_wconf 87' lang='lat' dir='ltr'><strong>interea</strong></span> <span class='ocrx_word' id='word_1_38' title='bbox 1055 1199 1128 1264; x_wconf 91' lang='lat' dir='ltr'><strong>ante</strong></span> <span class='ocrx_word' id='word_1_39' title='bbox 1157 1199 1247 1282; x_wconf 88' lang='lat' dir='ltr'><strong>inops</strong></span> 
     </span>
     <span class='ocr_line' id='line_1_8' title="bbox 116 1298 1247 1385; baseline -0.002 -18"><span class='ocrx_word' id='word_1_40' title='bbox 116 1299 235 1383; x_wconf 84' lang='lat' dir='ltr'><strong>gratiae</strong></span> <span class='ocrx_word' id='word_1_41' title='bbox 257 1316 321 1365; x_wconf 92' lang='lat' dir='ltr'><strong>non</strong></span> <span class='ocrx_word' id='word_1_42' title='bbox 342 1299 451 1380; x_wconf 86' lang='lat' dir='ltr'><strong>fuisti,</strong></span> <span class='ocrx_word' id='word_1_43' title='bbox 478 1300 581 1366; x_wconf 89' lang='lat' dir='ltr'><strong>sciens</strong></span> <span class='ocrx_word' id='word_1_44' title='bbox 602 1298 678 1383; x_wconf 92' lang='lat' dir='ltr'><strong>quid</strong></span> <span class='ocrx_word' id='word_1_45' title='bbox 699 1298 873 1382; x_wconf 75' lang='lat' dir='ltr'><strong>diligentia,</strong></span> <span class='ocrx_word' id='word_1_46' title='bbox 902 1299 978 1385; x_wconf 90' lang='lat' dir='ltr'><strong>qnid</strong></span> <span class='ocrx_word' id='word_1_47' title='bbox 1000 1301 1136 1367; x_wconf 87' lang='lat' dir='ltr'><strong>amantis</strong></span> <span class='ocrx_word' id='word_1_48' title='bbox 1158 1301 1247 1367; x_wconf 91' lang='lat' dir='ltr'><strong>solli-</strong></span> 
     </span>
     <span class='ocr_line' id='line_1_9' title="bbox 116 1401 1245 1490; baseline 0.002 -22"><span class='ocrx_word' id='word_1_49' title='bbox 116 1403 221 1469; x_wconf 87' lang='lat' dir='ltr'><strong>citudo</strong></span> <span class='ocrx_word' id='word_1_50' title='bbox 243 1401 418 1485; x_wconf 83' lang='lat' dir='ltr'><strong>flagitaret:</strong></span> <span class='ocrx_word' id='word_1_51' title='bbox 441 1403 545 1469; x_wconf 88' lang='lat' dir='ltr'><strong>iactus</strong></span> <span class='ocrx_word' id='word_1_52' title='bbox 568 1421 601 1468; x_wconf 91' lang='lat' dir='ltr'><strong>es</strong></span> <span class='ocrx_word' id='word_1_53' title='bbox 622 1404 775 1469; x_wconf 87' lang='lat' dir='ltr'><strong>bonamm</strong></span> <span class='ocrx_word' id='word_1_54' title='bbox 797 1421 902 1468; x_wconf 85' lang='lat' dir='ltr'><strong>rerum</strong></span> <span class='ocrx_word' id='word_1_55' title='bbox 924 1402 1056 1483; x_wconf 83' lang='lat' dir='ltr'><strong>nescim,</strong></span> <span class='ocrx_word' id='word_1_56' title='bbox 1079 1406 1245 1490; x_wconf 79' lang='lat' dir='ltr'><strong>postquam</strong></span> 
     </span>
     <span class='ocr_line' id='line_1_10' title="bbox 116 1506 1245 1591; baseline 0.003 -21"><span class='ocrx_word' id='word_1_57' title='bbox 116 1508 146 1570; x_wconf 88' lang='lat' dir='ltr'><strong>te</strong></span> <span class='ocrx_word' id='word_1_58' title='bbox 173 1506 215 1572; x_wconf 89' lang='lat' dir='ltr'><strong>ad</strong></span> <span class='ocrx_word' id='word_1_59' title='bbox 250 1506 420 1573; x_wconf 88' lang='lat' dir='ltr'><strong>obtinenda</strong></span> <span class='ocrx_word' id='word_1_60' title='bbox 453 1524 533 1589; x_wconf 91' lang='lat' dir='ltr'><strong>qnae</strong></span> <span class='ocrx_word' id='word_1_61' title='bbox 561 1509 717 1590; x_wconf 89' lang='lat' dir='ltr'><strong>putantur</strong></span> <span class='ocrx_word' id='word_1_62' title='bbox 749 1524 872 1573; x_wconf 89' lang='lat' dir='ltr'><strong>summa</strong></span> <span class='ocrx_word' id='word_1_63' title='bbox 899 1507 1118 1574; x_wconf 87' lang='lat' dir='ltr'><strong>trasmisimus.</strong></span> <span class='ocrx_word' id='word_1_64' title='bbox 1164 1508 1245 1591; x_wconf 89' lang='lat' dir='ltr'><strong>quod</strong></span> 
     </span>
     <span class='ocr_line' id='line_1_11' title="bbox 86 1607 1243 1692; baseline 0.005 -23"><span class='ocrx_word' id='word_1_65' title='bbox 86 1611 229 1686; x_wconf 74' lang='lat' dir='ltr'><strong>oroetat,</strong></span> <span class='ocrx_word' id='word_1_66' title='bbox 259 1610 333 1675; x_wconf 87' lang='lat' dir='ltr'><strong>eale</strong></span> <span class='ocrx_word' id='word_1_67' title='bbox 356 1611 389 1677; x_wconf 86' lang='lat' dir='ltr'><strong>et</strong></span> <span class='ocrx_word' id='word_1_68' title='bbox 409 1610 566 1692; x_wconf 88' lang='lat' dir='ltr'><strong>accipiens</strong></span> <span class='ocrx_word' id='word_1_69' title='bbox 589 1607 751 1675; x_wconf 90' lang='lat' dir='ltr'><strong>monitoris</strong></span> <span class='ocrx_word' id='word_1_70' title='bbox 774 1609 869 1675; x_wconf 89' lang='lat' dir='ltr'><strong>uerba</strong></span> <span class='ocrx_word' id='word_1_71' title='bbox 891 1609 1089 1675; x_wconf 89' lang='lat' dir='ltr'><strong>melioratum</strong></span> <span class='ocrx_word' id='word_1_72' title='bbox 1111 1613 1143 1675; x_wconf 88' lang='lat' dir='ltr'><strong>te</strong></span> <span class='ocrx_word' id='word_1_73' title='bbox 1165 1610 1243 1677; x_wconf 91' lang='lat' dir='ltr'><strong>scri·</strong></span> 
     </span>
     <span class='ocr_line' id='line_1_12' title="bbox 114 1711 606 1794; baseline 0.006 -19"><span class='ocrx_word' id='word_1_74' title='bbox 114 1711 231 1794; x_wconf 87' lang='lat' dir='ltr'><strong>ptionis</strong></span> <span class='ocrx_word' id='word_1_75' title='bbox 253 1712 445 1779; x_wconf 76' lang='lat' dir='ltr'><strong>addduitate</strong></span> <span class='ocrx_word' id='word_1_76' title='bbox 467 1712 606 1793; x_wconf 85' lang='lat' dir='ltr'><strong>diuulga.</strong></span> 
     </span>
    </p>
   </div>
   <div class='ocr_carea' id='block_1_4' title="bbox 518 1899 849 2094">
    <p class='ocr_par' dir='ltr' id='par_1_4' title="bbox 518 1899 849 2094">
     <span class='ocr_line' id='line_1_13' title="bbox 644 1899 713 1965; baseline 0 0"><span class='ocrx_word' id='word_1_77' title='bbox 644 1899 713 1965; x_wconf 79' lang='lat' dir='ltr'><strong>XX.</strong></span> 
     </span>
     <span class='ocr_line' id='line_1_14' title="bbox 518 2032 849 2094; baseline -0.018 0"><span class='ocrx_word' id='word_1_78' title='bbox 518 2038 627 2094; x_wconf 72' lang='lat' dir='ltr'><strong>mro</strong></span> <span class='ocrx_word' id='word_1_79' title='bbox 654 2032 849 2091; x_wconf 70' lang='lat' dir='ltr'><strong>monins.</strong></span> 
     </span>
    </p>
   </div>
   <div class='ocr_carea' id='block_1_5' title="bbox 84 2156 1242 3171">
    <p class='ocr_par' dir='ltr' id='par_1_5' title="bbox 84 2156 1242 3171">
     <span class='ocr_line' id='line_1_15' title="bbox 153 2156 1242 2243; baseline 0.002 -21"><span class='ocrx_word' id='word_1_80' title='bbox 153 2157 240 2222; x_wconf 88' lang='lat' dir='ltr'><strong>Dum</strong></span> <span class='ocrx_word' id='word_1_81' title='bbox 268 2159 407 2224; x_wconf 88' lang='lat' dir='ltr'><strong>remedia</strong></span> <span class='ocrx_word' id='word_1_82' title='bbox 434 2176 491 2225; x_wconf 89' lang='lat' dir='ltr'><strong>sna</strong></span> <span class='ocrx_word' id='word_1_83' title='bbox 521 2158 645 2243; x_wconf 89' lang='lat' dir='ltr'><strong>quaerit</strong></span> <span class='ocrx_word' id='word_1_84' title='bbox 671 2159 795 2225; x_wconf 81' lang='lat' dir='ltr'><strong>affectio</strong></span> <span class='ocrx_word' id='word_1_85' title='bbox 818 2160 849 2223; x_wconf 87' lang='lat' dir='ltr'><strong>et</strong></span> <span class='ocrx_word' id='word_1_86' title='bbox 875 2161 996 2224; x_wconf 88' lang='lat' dir='ltr'><strong>aestum</strong></span> <span class='ocrx_word' id='word_1_87' title='bbox 1023 2156 1242 2225; x_wconf 83' lang='lat' dir='ltr'><strong>sollicitudinis</strong></span> 
     </span>
     <span class='ocr_line' id='line_1_16' title="bbox 84 2261 1241 2346; baseline 0.001 -20"><span class='ocrx_word' id='word_1_88' title='bbox 84 2261 274 2343; x_wconf 72' lang='lat' dir='ltr'><strong>aoonloqnio</strong></span> <span class='ocrx_word' id='word_1_89' title='bbox 291 2263 379 2345; x_wconf 90' lang='lat' dir='ltr'><strong>cupit</strong></span> <span class='ocrx_word' id='word_1_90' title='bbox 393 2264 572 2329; x_wconf 86' lang='lat' dir='ltr'><strong>medicante</strong></span> <span class='ocrx_word' id='word_1_91' title='bbox 587 2264 731 2343; x_wconf 75' lang='lat' dir='ltr'><strong>minuati,</strong></span> <span class='ocrx_word' id='word_1_92' title='bbox 755 2262 893 2328; x_wconf 82' lang='lat' dir='ltr'><strong>ardescit</strong></span> <span class='ocrx_word' id='word_1_93' title='bbox 915 2264 1039 2328; x_wconf 88' lang='lat' dir='ltr'><strong>animus</strong></span> <span class='ocrx_word' id='word_1_94' title='bbox 1053 2262 1241 2346; x_wconf 88' lang='lat' dir='ltr'><strong>prouisionis</strong></span> 
     </span>
     <span class='ocr_line' id='line_1_17' title="bbox 114 2364 1242 2450; baseline 0 -22"><span class='ocrx_word' id='word_1_95' title='bbox 114 2364 276 2430; x_wconf 88' lang='lat' dir='ltr'><strong>beneficio:</strong></span> <span class='ocrx_word' id='word_1_96' title='bbox 298 2366 380 2431; x_wconf 93' lang='lat' dir='ltr'><strong>unde</strong></span> <span class='ocrx_word' id='word_1_97' title='bbox 396 2367 540 2450; x_wconf 82' lang='lat' dir='ltr'><strong>extingui</strong></span> <span class='ocrx_word' id='word_1_98' title='bbox 556 2368 705 2444; x_wconf 87' lang='lat' dir='ltr'><strong>creditur,</strong></span> <span class='ocrx_word' id='word_1_99' title='bbox 726 2369 921 2450; x_wconf 87' lang='lat' dir='ltr'><strong>geminatum</strong></span> <span class='ocrx_word' id='word_1_100' title='bbox 944 2365 1124 2450; x_wconf 86' lang='lat' dir='ltr'><strong>diligentiae</strong></span> <span class='ocrx_word' id='word_1_101' title='bbox 1139 2366 1242 2448; x_wconf 88' lang='lat' dir='ltr'><strong>surgit</strong></span> 
     </span>
     <span class='ocr_line' id='line_1_18' title="bbox 112 2467 1240 2552; baseline 0 -21"><span class='ocrx_word' id='word_1_102' title='bbox 112 2467 301 2534; x_wconf 90' lang='lat' dir='ltr'><strong>incendium.</strong></span> <span class='ocrx_word' id='word_1_103' title='bbox 347 2486 440 2552; x_wconf 89' lang='lat' dir='ltr'><strong>saepe</strong></span> <span class='ocrx_word' id='word_1_104' title='bbox 468 2468 546 2535; x_wconf 92' lang='lat' dir='ltr'><strong>mihi</strong></span> <span class='ocrx_word' id='word_1_105' title='bbox 580 2470 759 2536; x_wconf 88' lang='lat' dir='ltr'><strong>baiulorum</strong></span> <span class='ocrx_word' id='word_1_106' title='bbox 792 2469 913 2551; x_wconf 92' lang='lat' dir='ltr'><strong>copiam</strong></span> <span class='ocrx_word' id='word_1_107' title='bbox 942 2468 1135 2552; x_wconf 85' lang='lat' dir='ltr'><strong>perquirenti</strong></span> <span class='ocrx_word' id='word_1_108' title='bbox 1168 2468 1240 2532; x_wconf 92' lang='lat' dir='ltr'><strong>inde</strong></span> 
     </span>
     <span class='ocr_line' id='line_1_19' title="bbox 112 2570 1239 2655; baseline 0 -18"><span class='ocrx_word' id='word_1_109' title='bbox 112 2589 289 2653; x_wconf 88' lang='lat' dir='ltr'><strong>aegrescere</strong></span> <span class='ocrx_word' id='word_1_110' title='bbox 317 2570 466 2655; x_wconf 86' lang='lat' dir='ltr'><strong>contigit,</strong></span> <span class='ocrx_word' id='word_1_111' title='bbox 500 2572 582 2637; x_wconf 89' lang='lat' dir='ltr'><strong>uude</strong></span> <span class='ocrx_word' id='word_1_112' title='bbox 610 2571 760 2655; x_wconf 88' lang='lat' dir='ltr'><strong>opinabar</strong></span> <span class='ocrx_word' id='word_1_113' title='bbox 789 2572 871 2655; x_wconf 89' lang='lat' dir='ltr'><strong>quod</strong></span> <span class='ocrx_word' id='word_1_114' title='bbox 899 2573 1059 2654; x_wconf 85' lang='lat' dir='ltr'><strong>prodesset</strong></span> <span class='ocrx_word' id='word_1_115' title='bbox 1093 2571 1239 2637; x_wconf 86' lang='lat' dir='ltr'><strong>accidere.</strong></span> 
     </span>
     <span class='ocr_line' id='line_1_20' title="bbox 113 2674 1240 2757; baseline -0.001 -18"><span class='ocrx_word' id='word_1_116' title='bbox 113 2691 179 2739; x_wconf 84' lang='lat' dir='ltr'><strong>ecoe</strong></span> <span class='ocrx_word' id='word_1_117' title='bbox 205 2674 351 2739; x_wconf 89' lang='lat' dir='ltr'><strong>medetur</strong></span> <span class='ocrx_word' id='word_1_118' title='bbox 379 2675 542 2740; x_wconf 89' lang='lat' dir='ltr'><strong>desideriis</strong></span> <span class='ocrx_word' id='word_1_119' title='bbox 571 2675 650 2740; x_wconf 91' lang='lat' dir='ltr'><strong>meis</strong></span> <span class='ocrx_word' id='word_1_120' title='bbox 671 2677 726 2757; x_wconf 90' lang='lat' dir='ltr'><strong>qui</strong></span> <span class='ocrx_word' id='word_1_121' title='bbox 748 2692 874 2739; x_wconf 89' lang='lat' dir='ltr'><strong>suorum</strong></span> <span class='ocrx_word' id='word_1_122' title='bbox 898 2674 936 2739; x_wconf 87' lang='lat' dir='ltr'><strong>ad</strong></span> <span class='ocrx_word' id='word_1_123' title='bbox 965 2692 1020 2739; x_wconf 88' lang='lat' dir='ltr'><strong>uos</strong></span> <span class='ocrx_word' id='word_1_124' title='bbox 1049 2691 1142 2739; x_wconf 88' lang='lat' dir='ltr'><strong>causa</strong></span> <span class='ocrx_word' id='word_1_125' title='bbox 1167 2691 1240 2756; x_wconf 89' lang='lat' dir='ltr'><strong>pro-</strong></span> 
     </span>
     <span class='ocr_line' id='line_1_21' title="bbox 84 2776 1238 2860; baseline 0.005 -25"><span class='ocrx_word' id='word_1_126' title='bbox 84 2777 250 2857; x_wconf 78' lang='lat' dir='ltr'><strong>eparauit:</strong></span> <span class='ocrx_word' id='word_1_127' title='bbox 284 2776 321 2842; x_wconf 86' lang='lat' dir='ltr'><strong>iit</strong></span> <span class='ocrx_word' id='word_1_128' title='bbox 351 2778 569 2843; x_wconf 86' lang='lat' dir='ltr'><strong>adiumentum</strong></span> <span class='ocrx_word' id='word_1_129' title='bbox 602 2778 797 2844; x_wconf 84' lang='lat' dir='ltr'><strong>necessitatis</strong></span> <span class='ocrx_word' id='word_1_130' title='bbox 831 2778 950 2843; x_wconf 89' lang='lat' dir='ltr'><strong>alienas</strong></span> <span class='ocrx_word' id='word_1_131' title='bbox 982 2776 1063 2860; x_wconf 90' lang='lat' dir='ltr'><strong>quod</strong></span> <span class='ocrx_word' id='word_1_132' title='bbox 1097 2776 1238 2858; x_wconf 88' lang='lat' dir='ltr'><strong>propriae</strong></span> 
     </span>
     <span class='ocr_line' id='line_1_22' title="bbox 112 2880 1238 2965; baseline 0.001 -22"><span class='ocrx_word' id='word_1_133' title='bbox 112 2881 354 2947; x_wconf 84' lang='lat' dir='ltr'><strong>consideratione</strong></span> <span class='ocrx_word' id='word_1_134' title='bbox 370 2882 548 2964; x_wconf 87' lang='lat' dir='ltr'><strong>suscipitur.</strong></span> <span class='ocrx_word' id='word_1_135' title='bbox 577 2881 685 2947; x_wconf 92' lang='lat' dir='ltr'><strong>uidero</strong></span> <span class='ocrx_word' id='word_1_136' title='bbox 700 2882 776 2965; x_wconf 89' lang='lat' dir='ltr'><strong>qnid</strong></span> <span class='ocrx_word' id='word_1_137' title='bbox 793 2882 1049 2947; x_wconf 90' lang='lat' dir='ltr'><strong>conmendatione</strong></span> <span class='ocrx_word' id='word_1_138' title='bbox 1064 2898 1133 2944; x_wconf 91' lang='lat' dir='ltr'><strong>mee</strong></span> <span class='ocrx_word' id='word_1_139' title='bbox 1144 2880 1238 2944; x_wconf 91' lang='lat' dir='ltr'><strong>Boni-</strong></span> 
     </span>
     <span class='ocr_line' id='line_1_23' title="bbox 112 2982 1239 3067; baseline -0.001 -20"><span class='ocrx_word' id='word_1_140' title='bbox 112 2982 208 3049; x_wconf 78' lang='lat' dir='ltr'><strong>Iecius</strong></span> <span class='ocrx_word' id='word_1_141' title='bbox 232 2988 432 3065; x_wconf 78' lang='lat' dir='ltr'><strong>promoueatz</strong></span> <span class='ocrx_word' id='word_1_142' title='bbox 454 2986 582 3050; x_wconf 87' lang='lat' dir='ltr'><strong>interim</strong></span> <span class='ocrx_word' id='word_1_143' title='bbox 605 2984 777 3067; x_wconf 89' lang='lat' dir='ltr'><strong>opitulatur</strong></span> <span class='ocrx_word' id='word_1_144' title='bbox 793 2984 906 3049; x_wconf 89' lang='lat' dir='ltr'><strong>studiis</strong></span> <span class='ocrx_word' id='word_1_145' title='bbox 922 2984 999 3049; x_wconf 90' lang='lat' dir='ltr'><strong>meis</strong></span> <span class='ocrx_word' id='word_1_146' title='bbox 1016 2984 1095 3065; x_wconf 92' lang='lat' dir='ltr'><strong>qnod</strong></span> <span class='ocrx_word' id='word_1_147' title='bbox 1110 2982 1239 3063; x_wconf 83' lang='lat' dir='ltr'><strong>prolixis</strong></span> 
     </span>
     <span class='ocr_line' id='line_1_24' title="bbox 113 3082 1236 3171; baseline 0.001 -21"><span class='ocrx_word' id='word_1_148' title='bbox 113 3103 201 3151; x_wconf 89' lang='lat' dir='ltr'><strong>eme</strong></span> <span class='ocrx_word' id='word_1_149' title='bbox 223 3087 369 3169; x_wconf 90' lang='lat' dir='ltr'><strong>precibus</strong></span> <span class='ocrx_word' id='word_1_150' title='bbox 390 3089 572 3171; x_wconf 86' lang='lat' dir='ltr'><strong>inpetrauit.</strong></span> <span class='ocrx_word' id='word_1_151' title='bbox 610 3082 696 3153; x_wconf 87' lang='lat' dir='ltr'><strong>hunc</strong></span> <span class='ocrx_word' id='word_1_152' title='bbox 724 3090 812 3156; x_wconf 85' lang='lat' dir='ltr'><strong>bonis</strong></span> <span class='ocrx_word' id='word_1_153' title='bbox 834 3092 939 3153; x_wconf 91' lang='lat' dir='ltr'><strong>ortum</strong></span> <span class='ocrx_word' id='word_1_154' title='bbox 966 3088 1123 3153; x_wconf 87' lang='lat' dir='ltr'><strong>natalibus</strong></span> <span class='ocrx_word' id='word_1_155' title='bbox 1148 3087 1236 3152; x_wconf 89' lang='lat' dir='ltr'><strong>testis</strong></span> 
     </span>
    </p>
   </div>
   <div class='ocr_carea' id='block_1_6' title="bbox 84 3189 1240 3379">
    <p class='ocr_par' dir='ltr' id='par_1_6' title="bbox 84 3189 1240 3379">
     <span class='ocr_line' id='line_1_25' title="bbox 113 3189 1240 3275; baseline -0.001 -21"><span class='ocrx_word' id='word_1_156' title='bbox 113 3189 272 3273; x_wconf 69' lang='lat' dir='ltr'><strong>unguinis</strong></span> <span class='ocrx_word' id='word_1_157' title='bbox 294 3208 383 3255; x_wconf 92' lang='lat' dir='ltr'><strong>mens</strong></span> <span class='ocrx_word' id='word_1_158' title='bbox 398 3192 552 3271; x_wconf 87' lang='lat' dir='ltr'><strong>designat.</strong></span> <span class='ocrx_word' id='word_1_159' title='bbox 576 3210 762 3275; x_wconf 86' lang='lat' dir='ltr'><strong>germanum</strong></span> <span class='ocrx_word' id='word_1_160' title='bbox 784 3210 876 3256; x_wconf 90' lang='lat' dir='ltr'><strong>suum</strong></span> <span class='ocrx_word' id='word_1_161' title='bbox 899 3190 1056 3274; x_wconf 82' lang='lat' dir='ltr'><strong>praefatus</strong></span> <span class='ocrx_word' id='word_1_162' title='bbox 1078 3191 1110 3255; x_wconf 93' lang='lat' dir='ltr'><strong>in</strong></span> <span class='ocrx_word' id='word_1_163' title='bbox 1126 3189 1240 3255; x_wconf 92' lang='lat' dir='ltr'><strong>uicini·</strong></span> 
     </span>
     <span class='ocr_line' id='line_1_26' title="bbox 84 3292 1238 3379; baseline 0.003 -25"><span class='ocrx_word' id='word_1_164' title='bbox 84 3294 175 3357; x_wconf 77' lang='lat' dir='ltr'><strong>stete</strong></span> <span class='ocrx_word' id='word_1_165' title='bbox 190 3293 404 3375; x_wconf 85' lang='lat' dir='ltr'><strong>Aquileiensis</strong></span> <span class='ocrx_word' id='word_1_166' title='bbox 421 3294 562 3359; x_wconf 85' lang='lat' dir='ltr'><strong>ciuitatis</strong></span> <span class='ocrx_word' id='word_1_167' title='bbox 578 3294 694 3359; x_wconf 77' lang='lat' dir='ltr'><strong>adserit</strong></span> <span class='ocrx_word' id='word_1_168' title='bbox 710 3312 776 3359; x_wconf 90' lang='lat' dir='ltr'><strong>esse</strong></span> <span class='ocrx_word' id='word_1_169' title='bbox 798 3294 968 3378; x_wconf 85' lang='lat' dir='ltr'><strong>captiuum,</strong></span> <span class='ocrx_word' id='word_1_170' title='bbox 992 3296 1045 3379; x_wconf 93' lang='lat' dir='ltr'><strong>qui</strong></span> <span class='ocrx_word' id='word_1_171' title='bbox 1065 3297 1101 3359; x_wconf 91' lang='lat' dir='ltr'><strong>ut</strong></span> <span class='ocrx_word' id='word_1_172' title='bbox 1116 3312 1136 3359; x_wconf 88' lang='lat' dir='ltr'><strong>a</strong></span> <span class='ocrx_word' id='word_1_173' title='bbox 1150 3292 1238 3359; x_wconf 90' lang='lat' dir='ltr'><strong>uobis</strong></span> 
     </span>
    </p>
   </div>
   <div class='ocr_carea' id='block_1_7' title="bbox 111 3496 1241 3914">
    <p class='ocr_par' dir='ltr' id='par_1_7' title="bbox 111 3496 1241 3914">
     <span class='ocr_line' id='line_1_27' title="bbox 160 3496 1241 3566; baseline -0.001 -15"><span class='ocrx_word' id='word_1_174' title='bbox 160 3496 280 3555; x_wconf 84' lang='lat' dir='ltr'>XVIIII.</span> <span class='ocrx_word' id='word_1_175' title='bbox 316 3498 333 3550; x_wconf 85' lang='lat'>2</span> <span class='ocrx_word' id='word_1_176' title='bbox 350 3498 468 3566; x_wconf 89' lang='lat' dir='ltr'><strong>partinio</strong></span> <span class='ocrx_word' id='word_1_177' title='bbox 481 3496 611 3551; x_wconf 86' lang='lat' dir='ltr'><strong>ennodius</strong></span> <span class='ocrx_word' id='word_1_178' title='bbox 626 3498 662 3562; x_wconf 90' lang='grc' dir='ltr'><strong>Β,</strong></span> <span class='ocrx_word' id='word_1_179' title='bbox 689 3496 820 3553; x_wconf 88' lang='lat' dir='ltr'><strong>ennodius</strong></span> <span class='ocrx_word' id='word_1_180' title='bbox 832 3498 956 3553; x_wconf 87' lang='lat' dir='ltr'><strong>Partiuio</strong></span> <span class='ocrx_word' id='word_1_181' title='bbox 975 3498 998 3565; x_wconf 87' lang='lat' dir='ltr'><strong>b,</strong></span> <span class='ocrx_word' id='word_1_182' title='bbox 1024 3498 1099 3551; x_wconf 87' lang='lat' dir='ltr'><strong>auito</strong></span> <span class='ocrx_word' id='word_1_183' title='bbox 1111 3496 1241 3551; x_wconf 87' lang='lat' dir='ltr'><strong>ennodius</strong></span> 
     </span>
     <span class='ocr_line' id='line_1_28' title="bbox 112 3582 1239 3651; baseline -0.002 -15"><span class='ocrx_word' id='word_1_184' title='bbox 112 3582 193 3638; x_wconf 72' lang='grc' dir='ltr'><strong>ΜΨ</strong></span> <span class='ocrx_word' id='word_1_185' title='bbox 294 3583 429 3638; x_wconf 74' lang='lat' dir='ltr'><strong>tlataere</strong></span> <span class='ocrx_word' id='word_1_186' title='bbox 446 3585 474 3637; x_wconf 98' lang='grc' dir='ltr'><strong><em>Β</em></strong></span> <span class='ocrx_word' id='word_1_187' title='bbox 573 3586 601 3637; x_wconf 92' lang='lat' dir='ltr'><strong>et</strong></span> <span class='ocrx_word' id='word_1_188' title='bbox 619 3599 670 3640; x_wconf 80' lang='lat' dir='ltr'><strong>orn.</strong></span> <span class='ocrx_word' id='word_1_189' title='bbox 686 3584 730 3638; x_wconf 85' lang='lat' dir='ltr'><strong>Bb</strong></span> <span class='ocrx_word' id='word_1_190' title='bbox 834 3583 1020 3638; x_wconf 60' lang='lat' dir='ltr'><strong>*taciturnitas</strong></span> <span class='ocrx_word' id='word_1_191' title='bbox 1038 3582 1239 3651; x_wconf 66' lang='lat' dir='ltr'><strong>(patimus.)</strong></span> 
     </span>
     <span class='ocr_line' id='line_1_29' title="bbox 112 3667 1173 3741; baseline 0.003 -21"><span class='ocrx_word' id='word_1_192' title='bbox 112 3667 138 3720; x_wconf 91' lang='grc' dir='ltr'><strong><em>Β</em></strong></span> <span class='ocrx_word' id='word_1_193' title='bbox 240 3670 358 3739; x_wconf 65' lang='grc' dir='ltr'><strong>θῖίιιορι</strong></span> <span class='ocrx_word' id='word_1_194' title='bbox 381 3671 534 3739; x_wconf 75' lang='lat' dir='ltr'><strong>(riorus.)</strong></span> <span class='ocrx_word' id='word_1_195' title='bbox 558 3671 586 3724; x_wconf 90' lang='grc' dir='ltr'><strong>Β</strong></span> <span class='ocrx_word' id='word_1_196' title='bbox 688 3672 766 3741; x_wconf 77' lang='lat' dir='ltr'><strong>See]</strong></span> <span class='ocrx_word' id='word_1_197' title='bbox 792 3676 806 3724; x_wconf 77' lang='lat' dir='ltr'><strong>e</strong></span> <span class='ocrx_word' id='word_1_198' title='bbox 831 3671 857 3725; x_wconf 79' lang='lat' dir='ltr'><strong><em>L</em></strong></span> <span class='ocrx_word' id='word_1_199' title='bbox 960 3671 1022 3738; x_wconf 88' lang='lat' dir='ltr'><strong>post</strong></span> <span class='ocrx_word' id='word_1_200' title='bbox 1045 3668 1173 3738; x_wconf 82' lang='lat' dir='ltr'><strong>quemT</strong></span> 
     </span>
     <span class='ocr_line' id='line_1_30' title="bbox 112 3753 1240 3829; baseline 0.001 -22"><span class='ocrx_word' id='word_1_201' title='bbox 112 3754 288 3825; x_wconf 74' lang='lat' dir='ltr'><strong>toptinenda</strong></span> <span class='ocrx_word' id='word_1_202' title='bbox 305 3756 363 3810; x_wconf 76' lang='lat' dir='ltr'><strong>BT</strong></span> <span class='ocrx_word' id='word_1_203' title='bbox 452 3774 558 3811; x_wconf 88' lang='lat' dir='ltr'><strong>summa</strong></span> <span class='ocrx_word' id='word_1_204' title='bbox 576 3758 625 3811; x_wconf 85' lang='lat' dir='ltr'><strong>Bb</strong></span> <span class='ocrx_word' id='word_1_205' title='bbox 644 3760 686 3827; x_wconf 80' lang='lat' dir='ltr'><strong>(iu</strong></span> <span class='ocrx_word' id='word_1_206' title='bbox 695 3761 768 3829; x_wconf 67' lang='lat' dir='ltr'><strong>sup),</strong></span> <span class='ocrx_word' id='word_1_207' title='bbox 790 3758 905 3812; x_wconf 84' lang='lat' dir='ltr'><strong>maxima</strong></span> <span class='ocrx_word' id='word_1_208' title='bbox 922 3755 1048 3811; x_wconf 75' lang='lat' dir='ltr'>LPTIb</span> <span class='ocrx_word' id='word_1_209' title='bbox 1143 3756 1176 3808; x_wconf 92' lang='lat'><strong>11</strong></span> <span class='ocrx_word' id='word_1_210' title='bbox 1194 3753 1240 3809; x_wconf 88' lang='lat' dir='ltr'><strong>ad·</strong></span> 
     </span>
     <span class='ocr_line' id='line_1_31' title="bbox 111 3840 736 3914; baseline 0.01 -21"><span class='ocrx_word' id='word_1_211' title='bbox 111 3840 239 3897; x_wconf 63' lang='lat' dir='ltr'><strong>aduitate</strong></span> <span class='ocrx_word' id='word_1_212' title='bbox 257 3842 292 3907; x_wconf 88' lang='lat' dir='ltr'><strong>(it</strong></span> <span class='ocrx_word' id='word_1_213' title='bbox 309 3842 341 3894; x_wconf 77' lang='lat' dir='ltr'><strong>e&#39;u</strong></span> <span class='ocrx_word' id='word_1_214' title='bbox 358 3845 425 3912; x_wconf 81' lang='lat' dir='ltr'><strong>ras.)</strong></span> <span class='ocrx_word' id='word_1_215' title='bbox 444 3844 472 3897; x_wconf 91' lang='grc' dir='ltr'>Β</span> <span class='ocrx_word' id='word_1_216' title='bbox 575 3844 692 3914; x_wconf 87' lang='lat' dir='ltr'><strong>deuulgs</strong></span> <span class='ocrx_word' id='word_1_217' title='bbox 709 3846 736 3899; x_wconf 84' lang='lat' dir='ltr'>L</span> 
     </span>
    </p>
   </div>
   <div class='ocr_carea' id='block_1_8' title="bbox 111 3939 1239 4100">
    <p class='ocr_par' dir='ltr' id='par_1_8' title="bbox 111 3939 1239 4100">
     <span class='ocr_line' id='line_1_32' title="bbox 158 3939 1239 4013; baseline -0.006 -15"><span class='ocrx_word' id='word_1_218' title='bbox 158 3944 217 3998; x_wconf 69' lang='lat' dir='ltr'><strong>XL</strong></span> <span class='ocrx_word' id='word_1_219' title='bbox 254 3945 287 3999; x_wconf 86' lang='grc'><strong>15</strong></span> <span class='ocrx_word' id='word_1_220' title='bbox 304 3943 448 4013; x_wconf 71' lang='lat' dir='ltr'><strong>imadiante</strong></span> <span class='ocrx_word' id='word_1_221' title='bbox 473 3943 555 3999; x_wconf 77' lang='lat' dir='ltr'><strong>Sim.</strong></span> <span class='ocrx_word' id='word_1_222' title='bbox 659 3944 773 3999; x_wconf 83' lang='lat' dir='ltr'><strong>reuoluti</strong></span> <span class='ocrx_word' id='word_1_223' title='bbox 800 3944 828 3999; x_wconf 76' lang='lat' dir='ltr'><strong><em>L</em></strong></span> <span class='ocrx_word' id='word_1_224' title='bbox 931 3944 1037 3996; x_wconf 87' lang='lat' dir='ltr'><strong>animus</strong></span> <span class='ocrx_word' id='word_1_225' title='bbox 1063 3940 1085 4007; x_wconf 88' lang='lat' dir='ltr'><strong>(i</strong></span> <span class='ocrx_word' id='word_1_226' title='bbox 1111 3953 1181 3994; x_wconf 82' lang='lat' dir='ltr'><strong>corr.</strong></span> <span class='ocrx_word' id='word_1_227' title='bbox 1207 3939 1239 3991; x_wconf 81' lang='lat' dir='ltr'><strong>ia</strong></span> 
     </span>
     <span class='ocr_line' id='line_1_33' title="bbox 111 4027 1239 4100; baseline -0.005 -17"><span class='ocrx_word' id='word_1_228' title='bbox 111 4034 174 4100; x_wconf 85' lang='lat' dir='ltr'><strong>ros.)</strong></span> <span class='ocrx_word' id='word_1_229' title='bbox 201 4030 229 4085; x_wconf 91' lang='grc' dir='ltr'><strong><em>Β</em></strong></span> <span class='ocrx_word' id='word_1_230' title='bbox 335 4030 369 4084; x_wconf 81' lang='grc'><strong>16</strong></span> <span class='ocrx_word' id='word_1_231' title='bbox 392 4030 557 4100; x_wconf 88' lang='lat' dir='ltr'><strong>geminatam</strong></span> <span class='ocrx_word' id='word_1_232' title='bbox 581 4030 609 4085; x_wconf 91' lang='grc' dir='ltr'><strong><em>Β</em></strong></span> <span class='ocrx_word' id='word_1_233' title='bbox 712 4031 745 4084; x_wconf 80' lang='grc'><strong>17</strong></span> <span class='ocrx_word' id='word_1_234' title='bbox 773 4029 878 4099; x_wconf 90' lang='lat' dir='ltr'><strong>cupiam</strong></span> <span class='ocrx_word' id='word_1_235' title='bbox 905 4030 943 4083; x_wconf 86' lang='lat' dir='ltr'><strong>B¹</strong></span> <span class='ocrx_word' id='word_1_236' title='bbox 1047 4027 1079 4080; x_wconf 89' lang='grc'><strong>18</strong></span> <span class='ocrx_word' id='word_1_237' title='bbox 1106 4038 1239 4094; x_wconf 74' lang='lat' dir='ltr'><strong>agn-escere</strong></span> 
     </span>
    </p>
   </div>
   <div class='ocr_carea' id='block_1_9' title="bbox 110 4122 1238 4235">
    <p class='ocr_par' dir='ltr' id='par_1_9' title="bbox 110 4122 1238 4235">
     <span class='ocr_line' id='line_1_34' title="bbox 110 4122 1238 4235; baseline -0.007 -30"><span class='ocrx_word' id='word_1_238' title='bbox 110 4152 220 4208; x_wconf 77' lang='lat' dir='ltr'><strong>serv</strong></span> <span class='ocrx_word' id='word_1_239' title='bbox 312 4152 450 4223; x_wconf 57' lang='lat' dir='ltr'><strong>cumps</strong></span> <span class='ocrx_word' id='word_1_240' title='bbox 468 4152 512 4207; x_wconf 78' lang='lat' dir='ltr'><strong>Po</strong></span> <span class='ocrx_word' id='word_1_241' title='bbox 599 4152 712 4222; x_wconf 71' lang='lat' dir='ltr'><strong>&#39;protect</strong></span> <span class='ocrx_word' id='word_1_242' title='bbox 730 4153 766 4217; x_wconf 83' lang='lat' dir='ltr'><strong>n,</strong></span> <span class='ocrx_word' id='word_1_243' title='bbox 793 4122 930 4235; x_wconf 63' lang='lat' dir='ltr'><strong>prosaica</strong></span> <span class='ocrx_word' id='word_1_244' title='bbox 947 4150 974 4204; x_wconf 80' lang='lat' dir='ltr'><strong>e</strong></span> <span class='ocrx_word' id='word_1_245' title='bbox 1070 4147 1102 4201; x_wconf 87' lang='lat'><strong>19</strong></span> <span class='ocrx_word' id='word_1_246' title='bbox 1119 4144 1238 4200; x_wconf 67' lang='lat' dir='ltr'><strong>mossur</strong></span> 
     </span>
    </p>
   </div>
   <div class='ocr_carea' id='block_1_10' title="bbox 111 4246 1173 4429">
    <p class='ocr_par' dir='ltr' id='par_1_10' title="bbox 111 4246 1173 4429">
     <span class='ocr_line' id='line_1_35' title="bbox 112 4246 1173 4345; baseline -0.015 -9"><span class='ocrx_word' id='word_1_247' title='bbox 112 4274 138 4326; x_wconf 81' lang='grc' dir='ltr'><strong><em>Β</em></strong></span> <span class='ocrx_word' id='word_1_248' title='bbox 229 4246 423 4343; x_wconf 64' lang='lat' dir='ltr'><strong>mp&#39;i&#39;roipcur</strong></span> <span class='ocrx_word' id='word_1_249' title='bbox 438 4273 471 4338; x_wconf 76' lang='lat' dir='ltr'><strong>v,</strong></span> <span class='ocrx_word' id='word_1_250' title='bbox 493 4273 652 4345; x_wconf 79' lang='lat' dir='ltr'><strong>poipiturP</strong></span> <span class='ocrx_word' id='word_1_251' title='bbox 745 4272 947 4335; x_wconf 67' lang='lat' dir='ltr'><strong>honorasse,</strong></span> <span class='ocrx_word' id='word_1_252' title='bbox 975 4268 1127 4325; x_wconf 70' lang='lat' dir='ltr'><strong>bonefacius</strong></span> <span class='ocrx_word' id='word_1_253' title='bbox 1146 4267 1173 4321; x_wconf 80' lang='lat' dir='ltr'><strong>n</strong></span> 
     </span>
     <span class='ocr_line' id='line_1_36' title="bbox 111 4358 952 4429; baseline 0 -15"><span class='ocrx_word' id='word_1_254' title='bbox 111 4361 143 4414; x_wconf 80' lang='lat'><strong>23</strong></span> <span class='ocrx_word' id='word_1_255' title='bbox 158 4360 266 4416; x_wconf 67' lang='lat' dir='ltr'><strong>honum</strong></span> <span class='ocrx_word' id='word_1_256' title='bbox 283 4359 313 4414; x_wconf 88' lang='grc' dir='ltr'><strong><em>Β</em></strong></span> <span class='ocrx_word' id='word_1_257' title='bbox 416 4358 449 4412; x_wconf 73' lang='lat'><strong>25</strong></span> <span class='ocrx_word' id='word_1_258' title='bbox 467 4359 643 4429; x_wconf 85' lang='lat' dir='ltr'><strong>aquiligensis</strong></span> <span class='ocrx_word' id='word_1_259' title='bbox 661 4361 696 4427; x_wconf 85' lang='lat' dir='ltr'><strong>B,</strong></span> <span class='ocrx_word' id='word_1_260' title='bbox 724 4359 905 4429; x_wconf 81' lang='lat' dir='ltr'><strong>aquilegensis</strong></span> <span class='ocrx_word' id='word_1_261' title='bbox 927 4359 952 4414; x_wconf 82' lang='grc' dir='ltr'><em>Τ</em></span> 
     </span>
    </p>
   </div>
   <div class='ocr_carea' id='block_1_11' title="bbox 0 0 1472 4934">
    <p class='ocr_par' dir='ltr' id='par_1_11' title="bbox 0 0 1472 4934">
     <span class='ocr_line' id='line_1_37' title="bbox 0 0 1472 4934; baseline 0 4"><span class='ocrx_word' id='word_1_262' title='bbox 0 0 1472 4934; x_wconf 95' lang='lat' dir='ltr'><strong> </strong></span> 
     </span>
    </p>
   </div>
  </div>
 </body>
</html>
