2934 4934
432 427 548 500 Opusc.
567 431 635 488 IIII.
659 433 741 488 Vita
757 433 789 489 B.
807 437 944 490 Antoni.
1186 439 1251 508 383

116 621 248 703 potens,
277 617 398 698 tribue,
427 618 464 686 ut
491 638 565 687 cura
586 639 704 688 uacuus
728 622 762 690 et
781 628 907 706 pectore
933 623 1014 690 liber
1046 625 1163 693 munda
1193 626 1251 694 titi

116 725 201 789 sicut
214 723 368 788 debentur
382 723 546 805 praeconia
560 724 697 791 mundus
714 727 882 792 exsoluam.
906 727 947 792 de
960 728 1061 794 cetero
1084 728 1250 797 habentem

116 826 152 891 in
175 831 211 890 te
238 829 309 910 post
322 823 425 890 deum
452 824 600 893 fiduciam
623 845 685 894 non
716 828 874 913 relinquas
910 834 944 895 et
971 848 1064 912 quem
1093 832 1251 917 religionis

116 929 227 994 titulis
248 925 410 1012 insignisti
432 929 649 1014 redgiosorum
663 931 697 996 in
712 929 854 998 diuinam
869 932 1142 1016 repromissionem
1156 935 1250 1004 redde

91 1032 312 1118 spurtioipem.

646 1326 725 1393 IHI.

308 1497 363 1566 DE
385 1495 487 1568 vina
514 1499 641 1566 ΒΒΑΤΙ
663 1497 829 1567 ΑΝΤΟΝΙ
849 1499 1057 1568 mousom.

576 1668 789 1726 emundare.

158 1791 205 1857 Vt
227 1791 416 1876 proeliantes
439 1793 614 1878 adsurgunt
637 1792 758 1860 bucinis
764 1843 775 1878 ,
806 1797 842 1858 ut
872 1812 1021 1878 equorum
1043 1793 1187 1860 celeritas
1208 1792 1248 1859 ad

74 1893 270 1981 unctionem
294 1911 420 1961 cursum
442 1895 559 1962 ferrata
581 1895 664 1961 calce
687 1896 891 1978 prouocatur,
920 1898 965 1963 ita
992 1901 1067 1964 dum
1095 1898 1249 1964 nudorum

113 1999 220 2064 uirtus
243 1996 404 2078 sollicitat,
432 1999 560 2083 ingenia
581 1999 707 2065 nouella
729 1997 895 2066 confortat.
933 2001 986 2084 qui
1004 2017 1082 2067 cana
1104 2001 1249 2066 exercitia

115 2107 149 2168 st
173 2103 317 2167 ueterum
339 2103 430 2186 gesta
451 2101 579 2188 relegit,
608 2103 648 2167 ad
671 2103 908 2187 disciplinarum
931 2104 1055 2186 frugem
1081 2104 1248 2188 propositis

113 2205 248 2271 laudum
270 2205 419 2288 praemiis
442 2205 619 2272 inardescit.
643 2206 747 2290 imago
762 2208 977 2290 praecedentis
999 2207 1185 2292 gloriaest
1207 2208 1247 2273 ad

115 2312 259 2394 posteros
287 2308 411 2386 ueniat,
446 2307 625 2394 linguarum
660 2311 769 2376 catena
801 2313 968 2376 retinetur:
1002 2329 1062 2376 nou
1090 2311 1165 2377 licet
1193 2329 1247 2394 per

73 2415 237 2478 :onetatas
259 2411 369 2496 perire,
393 2411 517 2496 siquid
540 2412 633 2478 lectio
656 2415 771 2480 serenis
794 2413 918 2481 actibus
941 2415 1043 2480 amica
1065 2416 1245 2502 susceperit

114 2517 224 2600 itaque
245 2513 442 2600 eloquentiae
464 2515 656 2581 diuturnitas
679 2516 822 2582 mortalis
850 2520 980 2584 naturae
1010 2518 1076 2584 sine
1103 2523 1264 2602 congress

113 2619 212 2686 sionis
234 2617 373 2702 periculo
388 2618 487 2684 uincit
502 2618 695 2703 angustiam,
716 2639 773 2705 per
794 2638 888 2703 quam
905 2621 1097 2704 optimorum
1119 2638 1248 2686 conuer-

113 2722 196 2788 satio
209 2719 287 2805 ipsis
299 2719 515 2786 decidentibus
527 2721 629 2787 nescit
640 2740 794 2788 occasum.
811 2723 988 2788 restituitur
1001 2721 1126 2807 quidem
1136 2740 1246 2807 eorpus

113 2823 230 2910 origini
259 2827 291 2889 st
321 2823 495 2889 destinatus
517 2843 536 2888 a
557 2825 678 2907 superis
706 2824 834 2911 spiritus
858 2827 896 2892 ad
924 2828 1085 2911 proprium
1114 2827 1247 2892 recurrit

71 2931 294 2996 manaturum:
318 2944 449 3009 quorum
464 2925 571 2992 tamen
586 2927 726 3010 probitas
742 2927 833 2993 libris
849 2929 999 2996 mandata
1013 2929 1118 3009 luerit,
1140 2946 1246 2995 eorum

113 3032 224 3100 uitalis
248 3032 296 3098 est
319 3030 433 3095 obitus.
478 3031 562 3096 dieat
584 3029 717 3096 forsitan
743 3030 897 3114 interpres
925 3032 1094 3098 austerior:
1121 3032 1247 3099 abiurat

114 3134 355 3219 praedicationis
377 3132 573 3199 dulcedinem
595 3134 759 3217 perfuncta
773 3153 860 3201 mens
876 3135 998 3201 saeculo
1013 3136 1045 3201 et
1060 3136 1160 3203 carnis
1174 3137 1245 3202 uin·

166 3411 182 3463 1
209 3408 314 3463 tribune
343 3407 380 3464 V¹
485 3409 600 3480 pectore]
629 3411 754 3480 poeptore
778 3410 806 3464 L
908 3411 1014 3481 pectore
1035 3409 1106 3466 liber
1130 3413 1159 3466 et
1180 3426 1244 3466 curs

112 3511 214 3551 uacuus
241 3496 266 3550 P
371 3495 580 3551 3iidutlumV
683 3501 798 3581 quemll
824 3497 849 3552 2¹
949 3497 967 3550 4
991 3495 1069 3551 tituli
1094 3497 1136 3564 B,
1161 3496 1245 3552 titulo

113 3598 187 3655 Boti.
292 3599 509 3670 repromisionem
530 3599 558 3654 V
656 3599 861 3670 5psrticipem]
879 3599 942 3655 linit
960 3598 1026 3654 add.
1043 3598 1134 3654 BLV

166 3720 236 3776 1111.
255 3720 349 3790 lingui
372 3721 459 3776 felicis
482 3721 579 3776 ennodi
603 3719 702 3790 (felicis
726 3719 833 3789 ennodij
853 3720 892 3788 Τ)
917 3719 949 3774 de
966 3720 1026 3774 uita
1047 3720 1122 3775 beati
1138 3720 1243 3776 antonii

112 3825 186 3895 susp
209 3823 338 3893 praeraso
361 3823 450 3892 nur,
476 3811 730 3894 misnenses
837 3824 1023 3894 spreuisse
1045 3825 1073 3878 n
1180 3824 1244 3880 auc-

111 3909 182 3964 cinis
209 3909 245 3966 Ρ
346 3925 490 3980 aequorum
517 3910 545 3966 L
649 3910 682 3965 10
707 3911 882 3980 potentiorem
913 3911 938 3963 T
1036 3909 1121 3966 lerata
1148 3910 1177 3965 Β

112 3995 148 4050 12
165 3994 268 4066 releget
286 3995 314 4052 B
417 3995 450 4050 13
468 3996 592 4052 laudsl'
692 3996 841 4052 inardescet
863 3997 891 4052 Β
994 3995 1125 4066 poidentis
1147 3996 1176 4051 Β

113 4083 147 4138 15
166 4081 265 4138 utens
282 4081 318 4150 B,
346 4084 434 4138 atahe
452 4083 479 4138 Β
582 4081 730 4152 susciperet
745 4083 775 4136 Β
877 4083 911 4138 16
929 4082 1119 4138 diuturnitatis
1136 4083 1175 4138 Β

111 4167 313 4238 congressiouoe
343 4167 370 4222 Β
490 4169 523 4226 18
552 4168 771 4254 descendentibus
801 4169 827 4223 Τ
950 4169 1107 4225 restituitur
1134 4169 1243 4240 scripsi,

110 4289 274 4345 samaeus
290 4285 401 4344 cunr
494 4289 526 4345 19
543 4288 644 4358 origeni
662 4287 691 4344 n
787 4292 903 4344 manee
920 4287 986 4344 nn
1080 4289 1112 4346 :1
1131 4262 1244 4345 tusc

110 4375 141 4433 Β
247 4373 281 4430 22
297 4375 487 4445 predicationis
506 4375 667 4432 dulcidinem
686 4375 714 4430 Β
