2934 4934
242 393 264 457 2
600 388 713 458 Magni
730 387 857 442 Felicis
873 387 1007 442 Ennodi

245 580 397 656 ostendit,
426 578 623 663 peregrinam
651 579 785 644 mentite
811 578 1016 645 formidinem.
1057 594 1114 661 ago
1143 580 1236 660 etque
1265 574 1365 641 habeo

244 682 379 768 gratiae,
416 682 497 764 quod
529 680 647 746 nobilia
682 680 859 745 rudimenta
895 678 1055 746 facundiae
1089 683 1162 745 tuae
1195 680 1228 743 in
1260 680 1364 755 amici,

244 787 396 869 quantum
418 783 576 864 aestimes,
601 783 775 867 praeconiis
798 778 994 849 consecrasti.
1032 784 1064 847 et
1085 782 1161 847 licet
1183 800 1245 849 non
1267 800 1364 867 agno·

243 906 331 954 scam
359 904 429 953 mea
456 906 522 954 esse
555 904 633 971 quae
666 885 820 969 loqueris,
853 885 1036 970 religionem
1069 888 1175 951 tamen
1208 886 1365 951 narrantis

244 992 424 1076 amplector,
448 990 645 1076 diligentiam
660 990 796 1074 pectoris
814 988 917 1068 leudo,
939 1006 1033 1072 quam
1049 988 1168 1072 gratiae
1183 1007 1238 1071 per
1252 989 1366 1055 sudum
1387 1009 1399 1047 s

243 1094 402 1161 rutilantis
424 1095 493 1160 luce
516 1092 679 1159 dedicasti.
716 1092 778 1158 tibi
799 1092 850 1157 fax
871 1093 934 1157 ista
955 1092 1185 1173 praetenditur,
1216 1110 1311 1175 quam
1332 1092 1366 1157 in

244 1197 385 1281 opinione
418 1215 487 1262 mea
519 1196 653 1264 blandus
686 1194 824 1263 elocutor
852 1194 1012 1261 accendis:
1046 1212 1102 1279 ego
1136 1196 1260 1261 noctem
1293 1213 1366 1262 con·

243 1301 388 1367 solertiae
410 1319 506 1377 meae,
529 1300 589 1365 etsi
610 1317 670 1364 non
693 1298 790 1385 fugio,
817 1299 890 1363 noui
911 1300 1017 1364 tamen
1040 1299 1215 1365 aeetimme.
1251 1316 1366 1383 graues
1456 1298 1457 1315 ²

244 1404 350 1469 hiatus
370 1404 491 1487 petitur
512 1403 632 1468 alienae
654 1403 773 1487 gratiae
796 1403 963 1468 commisse
977 1402 1156 1481 credulitas,
1179 1418 1368 1484 quamquam

244 1525 335 1572 omne
357 1507 473 1573 crimen
495 1507 634 1571 mammet
656 1508 708 1589 qui
730 1506 802 1571 uult
831 1506 971 1590 decipere
1000 1505 1216 1572 confidentem.
1252 1504 1404 1589 gaudiam

245 1614 349 1677 tamen
370 1611 409 1677 de
430 1611 463 1675 te
485 1628 555 1675 mea
576 1610 754 1693 epistularis
777 1609 907 1692 alloquii
930 1608 1055 1673 dotibus
1078 1607 1266 1691 adimplesti,
1290 1608 1368 1673 dmn

243 1714 418 1779 nouitatem
447 1730 595 1779 sensuum
622 1715 775 1778 monstras
803 1712 970 1777 serenitate
998 1730 1175 1777 sermonum
1198 1712 1229 1776 et
1250 1711 1367 1776 ueteris

242 1816 353 1883 decora
379 1818 539 1901 prosapiae
568 1814 686 1881 nouelli
720 1815 821 1881 uineis
852 1815 953 1881 nitore
982 1816 1146 1899 conloquii.
1184 1817 1236 1881 set
1263 1813 1369 1881 fuerat

242 1920 408 2002 parentum
441 1922 567 1984 tuorum
601 1916 762 1984 desideriis
793 1917 914 1983 seniora
948 1920 980 1983 te
1017 1918 1152 1983 familiae
1185 1920 1369 1983 ornamenta

244 2021 409 2089 aemulari:
424 2022 549 2087 uincere
565 2039 665 2104 posse,
681 2022 763 2088 sicut
778 2039 870 2086 nemo
887 2021 1026 2100 credidit,
1049 2021 1097 2086 ita
1113 2021 1220 2087 nullus
1234 2020 1406 2105 optauitrc

242 2123 332 2191 uides
363 2127 514 2207 quantum
546 2124 586 2190 ad
622 2142 757 2207 unguem
789 2124 889 2208 polita
921 2124 1113 2190 conuersatio
1146 2124 1257 2207 pretiis
1286 2124 1368 2189 bene

246 2228 401 2293 meantis
422 2228 596 2313 adiungat?
629 2229 710 2312 quod
731 2229 821 2293 iubar
843 2228 1004 2312 sanguinis
1026 2228 1185 2310 praestitit
1207 2230 1370 2312 superauit

244 2330 399 2397 industria
421 2330 616 2416 castigantis.
644 2330 763 2397 credidi
784 2335 928 2396 uotorum
949 2350 1104 2397 summam
1128 2331 1262 2415 fatigari,
1285 2334 1313 2397 si
1335 2334 1369 2397 te

243 2432 402 2499 natalibus
413 2435 584 2501 reddideris
596 2434 670 2514 tuis,
685 2434 766 2500 illud
777 2452 839 2500 non
852 2437 1034 2517 expendens,
1051 2435 1125 2517 qnid
1140 2434 1278 2501 claritati
1292 2438 1370 2501 tuae

244 2537 438 2605 cohabitator
459 2538 647 2604 infunderet.
687 2537 729 2603 sit
751 2537 831 2603 forte
859 2538 893 2603 in
914 2537 1133 2604 aestimatione
1155 2536 1282 2603 arbitrii
1302 2538 1409 2603 rneieo
1456 2588 1457 2591 ,

243 2641 406 2709 defrudata
427 2641 574 2727 cognitio.
613 2640 772 2706 neminem
799 2640 914 2707 credidi
940 2642 980 2706 ad
1001 2639 1165 2725 Olybrium
1192 2640 1368 2723 pomonire,
1456 2666 1457 2669 ¹

295 2900 309 2953 1
337 2898 525 2954 fortitudinem
550 2898 567 2952 b
670 2896 735 2951 abeo
762 2896 790 2950 B
892 2897 909 2950 2
936 2897 1027 2951 amicis
1055 2896 1080 2951 Τ
1179 2896 1196 2951 3
1224 2898 1369 2967 quantum]

244 3000 322 3053 quom
339 2988 418 3039 tunm
434 2985 496 3039 coni
513 2982 648 3038 Boreum
744 2982 856 3036 extimae
874 2982 937 3048 Pd-
961 2984 1004 3037 e'tc
1021 2987 1077 3037 ext·
1092 2998 1147 3052 pcc
1164 2984 1303 3038 aestimare
1324 3000 1369 3037 ae·

244 3068 1370 3139 stimetorPfcrcadiqaeatcliieccc.XV.codtceeEeteoddauieccpieeimc,

244 3154 317 3225 qood
338 3155 507 3211 Boee'lececeie
533 3154 621 3209 editor
645 3154 790 3209 monadia
815 3155 921 3209 &mom
945 3156 1022 3222 foliis
1046 3155 1183 3225 impressio
1209 3156 1371 3211 memores

245 3258 358 3315 amar
460 3257 636 3326 ‘loppinione
653 3258 681 3312 L
784 3258 887 3311 locutor
904 3256 951 3312 Po
1054 3248 1218 3313 8⁸⁸⁸timere
1234 3258 1275 3323 L,
1302 3262 1372 3314 esti-

245 3343 1373 3415 marePT,extimareoedqtedefeedacBarcreoecemtdeeeaqm‘acemes

242 3429 567 3501 proeecaiieaciaeepcrc'
587 3428 683 3484 eodm
702 3430 830 3498 opinetur
931 3430 1023 3499 grauis
1050 3430 1105 3485 BL
1206 3431 1224 3485 9
1249 3430 1371 3500 partitur

244 3518 284 3574 12²
402 3521 535 3587 quaquam
560 3516 602 3582 B,
627 3530 780 3585 quanquam
806 3516 889 3573 ΜΨ
1006 3518 1036 3573 11
1064 3532 1124 3572 mea
1144 3516 1178 3572 de
1198 3519 1227 3571 te
1250 3516 1297 3571 Pb

184 3700 189 3708 ,
246 3636 400 3707 enorme
417 3637 454 3704 n,
471 3637 622 3706 quarens
640 3636 750 3692 cerv
842 3602 932 3708 nequi
950 3638 989 3704 n,
1015 3636 1116 3708 uque
1134 3640 1162 3694 P
1254 3638 1287 3693 13
1305 3655 1372 3694 eon-

245 3724 330 3793 loqnii
352 3723 381 3778 B
406 3729 432 3778 ct
454 3725 495 3779 sic
518 3724 691 3794 pleramque,
718 3724 845 3795 colloquii
872 3724 985 3781 LPTV
1083 3724 1116 3779 14
1142 3726 1171 3778 te
1195 3739 1246 3780 om.
1273 3724 1302 3779 P

247 3810 280 3864 15
305 3810 413 3865 emolari
436 3809 463 3864 B
567 3810 599 3865 16
627 3809 698 3865 nidis
720 3810 749 3865 B
851 3811 885 3865 18
905 3810 1014 3881 fatigari
1031 3810 1156 3881 fatigaris
1177 3808 1214 3879 T,
1240 3810 1372 3882 fustigari

246 3932 311 3998 fort.
412 3930 445 3985 19
461 3930 608 3987 reddideris
624 3933 681 3986 tuis
696 3932 804 4001 scripsi,
821 3929 990 4002 reddidisulie
1008 3930 1043 3997 B,
1061 3931 1214 3989 reddidistis
1232 3934 1292 3998 LP,
1311 3950 1372 3989 cre-

246 4016 354 4071 didistis
376 4016 409 4083 V,
425 4016 567 4072 reddidisti
585 4016 638 4083 Tb,
654 4017 813 4073 reddidisses
825 4017 908 4073 Siara.
993 4018 1125 4073 claritatis
1146 4017 1173 4073 Τ
1263 4018 1299 4073 20
1317 4020 1372 4075 sti-

246 4102 363 4157 matione
380 4102 420 4170 B,
448 4104 622 4159 extimatione
638 4104 702 4169 Pbp
728 4105 778 4171 eit,
801 4104 872 4171 fero,
895 4105 925 4158 in
940 4102 1113 4159 extimatione
1131 4106 1160 4172 <d
1179 4122 1201 4161 a
1218 4112 1372 4175 sequem-

245 4188 331 4256 ta'oeec)
348 4188 484 4245 Bortleiae
570 4189 676 4245 arbitrii
692 4192 746 4245 mei
768 4190 1092 4246 Vimeie'eerce.m.1
1176 4191 1208 4247 21
1227 4191 1371 4248 defrudata

251 4305 283 4373 V,
306 4273 441 4395 recudere
458 4313 495 4378 n,
521 4312 679 4368 remeare
695 4312 796 4369 crue
898 4312 1024 4369 erronum
1041 4313 1179 4371 annuo
