2934 4934
257 396 322 463 134
616 365 1024 464 Magniltelicisunnodi

257 603 439 669 superomm
463 586 612 652 institute
633 586 795 653 sectantur
817 606 873 671 per
896 604 972 671 qnos
996 586 1154 671 generatio
1169 584 1280 669 recipit
1303 586 1382 667 quod

255 704 386 771 persona
406 688 588 754 condiderit.
611 688 658 753 sic
672 688 841 755 Israelitioi
864 690 979 754 deliota
1001 688 1109 772 populi
1131 692 1257 773 proptor
1279 689 1382 756 Dauid

255 812 354 878 poena
376 810 438 858 non
459 792 584 879 tetigit,
614 792 690 857 dum
711 792 799 877 genti
824 790 980 876 opitulata
1002 796 1051 858 est
1073 792 1278 876 praecessoris
1301 792 1382 859 inte·

255 898 371 980 gritas‚
400 898 432 962 et
459 895 534 961 fides
561 895 697 962 hominis
728 899 784 962 ant
817 898 932 978 eripuit
962 898 1000 962 de
1029 914 1130 961 errore
1152 898 1303 979 populum
1328 900 1381 962 ant

254 999 336 1065 iunit
350 1001 383 1065 in
399 1000 512 1084 gratia.
535 998 702 1065 Partenins
723 998 824 1082 igitur
840 1000 1052 1083 praesentium
1069 999 1203 1081 portitor
1217 1016 1382 1083 germanae
1400 1019 1411 1061 o

254 1104 337 1169 tilius
359 1104 420 1169 hao
443 1106 481 1169 ad
504 1118 648 1169 coronam
671 1104 810 1168 uestram
832 1103 947 1169 fiducia
973 1102 1133 1167 animante
1157 1101 1294 1168 directus
1324 1111 1381 1187 est,

254 1226 346 1290 quem
368 1206 546 1273 sollicitudo
569 1204 711 1272 liberalis
725 1204 857 1273 Romam
882 1206 984 1289 coegit
1007 1208 1158 1289 expetere.
1186 1208 1294 1272 sancta
1308 1210 1382 1273 sunt
1443 1284 1444 1287 Ἴ

253 1312 357 1377 studia
383 1309 582 1391 litterarum,
612 1310 645 1374 in
674 1310 787 1393 quibus
815 1314 888 1375 ante
917 1310 1113 1376 incrementa
1141 1309 1274 1392 peritiae
1303 1310 1382 1375 uitia

254 1405 459 1481 deducuntur
499 1413 556 1479 hoo
578 1413 688 1479 itinere
711 1431 789 1480 cana
811 1414 851 1479 ad
873 1432 970 1480 annos
993 1414 1127 1496 pueriles
1150 1414 1250 1479 solent
1273 1414 1380 1479 uenire

253 1516 399 1594 consilia,
429 1515 505 1582 dum
531 1517 612 1600 quod
635 1518 721 1581 aetas
751 1516 870 1600 refugit
891 1520 1005 1583 norunt
1036 1518 1184 1583 instituta
1210 1520 1380 1600 praestare.
1389 1532 1411 1573 ιο

252 1620 358 1686 iouete
386 1638 458 1705 ergo
488 1620 575 1685 cuins
605 1620 752 1684 ueniendi
780 1638 888 1686 causas
916 1620 1076 1704 patefacta
1098 1620 1379 1707 {consanguinitate

253 1722 415 1790 didicistis.
459 1721 580 1789 habetis
603 1723 760 1798 obsidem,
789 1724 822 1787 in
845 1742 905 1806 qno
928 1724 1064 1790 dilucide
1089 1726 1273 1789 meritorum
1298 1724 1380 1809 apud

252 1846 308 1893 uos
329 1844 471 1893 meorum
493 1825 630 1907 qualitas
651 1826 837 1892 innotescat.
861 1825 993 1906 domino,
1017 1829 1053 1891 ut
1071 1844 1166 1911 snpra
1179 1826 1379 1892 salutationis

251 1928 459 1995 reuerentiam
481 1929 698 2013 obsequiorum
721 1928 885 1995 deuotione
907 1930 1077 1995 restituens
1100 1949 1225 2012 precor,
1249 1938 1286 1995 nt
1310 1949 1376 2013 per·

251 2033 335 2098 lator
354 2034 566 2116 praesentium
595 2033 733 2098 famulus
763 2034 867 2098 nester
893 2032 979 2097 felici
1006 2036 1090 2098 sorte
1112 2034 1269 2117 peregrini
1296 2036 1409 2118 sepulc

252 2154 308 2201 nos
337 2154 449 2201 noman
477 2136 626 2218 excipiet,
662 2136 737 2218 quia
766 2136 847 2219 quod
877 2136 1074 2202 adtributum
1108 2136 1204 2203 fuerit
1234 2140 1378 2220 precibus

252 2240 330 2305 meis
353 2241 494 2304 nastrum
517 2256 612 2321 supra
633 2239 722 2305 dotes
746 2257 818 2304 sues
841 2242 930 2305 ornat
952 2238 1102 2307 officium.

786 2442 842 2508 Xl.

617 2596 802 2653 ENNODIVS
820 2598 1011 2656 LVMINOSO.

293 2718 406 2786 Videro
429 2722 513 2803 apud
541 2739 616 2803 quos
645 2722 789 2805 plurimu
813 2723 1000 2789 adserendus
1031 2730 1079 2789 ost
1113 2743 1205 2807 quem
1237 2725 1410 2793 institutio

248 2821 388 2888 liberalis
412 2842 486 2890 cora
507 2824 672 2890 sollicitat:
695 2844 751 2891 nos
773 2830 918 2909 patronos
936 2827 1051 2893 meruit
1074 2846 1167 2895 canusa
1190 2830 1377 2896 eommunis.

249 2945 310 2992 non
331 2929 433 3010 ignari
455 2928 634 3013 peregrinos
656 2930 815 3011 suscipitis
837 2949 894 2996 neo
916 2930 1100 2996 erudiendos
1121 2929 1287 2999 animatis:
1326 2952 1376 3001 ox·

148 3042 152 3047 ·
248 3031 346 3113 pertis
368 3050 478 3097 manns
500 3034 737 3100 necessitatibus
759 3032 937 3118 frequentor
953 3033 1127 3115 adhibetur,
1151 3036 1227 3101 dum
1249 3040 1289 3103 ad
1312 3038 1376 3103 olo·

248 3132 392 3213 quentiae
407 3134 545 3216 palmam
560 3134 671 3201 feriato
686 3154 739 3200 ore
757 3154 808 3201 eos
824 3137 878 3217 qui
893 3136 1032 3202 titubant
1048 3136 1201 3204 inuitatis.
1226 3142 1375 3224 exemplis

248 3235 391 3302 hortatur
413 3256 449 3302 ax
470 3241 630 3321 peregrino
652 3244 773 3321 potens,
797 3260 832 3305 er
855 3240 1022 3325 incipiente
1044 3241 1211 3324 perfectus.
1244 3248 1409 3327 utrequea

246 3338 392 3404 Partenio
422 3359 587 3424 germanae
608 3361 697 3407 meae
725 3342 790 3407 filio
817 3361 888 3425 pars
911 3345 1065 3429 conuenit,
1095 3345 1147 3410 cui
1177 3346 1216 3411 ad
1246 3366 1377 3414 uenera-

297 3582 499 3652 lsnpsriornm
517 3580 535 3635 d
550 3586 579 3637 ct
596 3580 680 3637 Siros.
785 3584 948 3654 generalitas
965 3586 1030 3653 sort.
1135 3588 1217 3658 lisia]
1237 3588 1262 3642 si
1279 3588 1309 3643 Β

244 3701 403 3756 censensu
421 3701 484 3769 uu,
507 3666 651 3789 {emireus
669 3700 705 3769 a,
729 3704 901 3760 renascunt
919 3705 946 3760 2
1034 3708 1052 3761 4
1070 3706 1132 3761 sus
1149 3706 1177 3763 a
1264 3710 1282 3765 s
1300 3710 1376 3766 iubet

245 3806 272 3861 Β
368 3803 525 3874 parthenius
544 3806 601 3861 LV
694 3809 812 3862 9annas
830 3810 940 3878 puerilis
959 3810 986 3865 Β
1089 3812 1123 3867 10
1140 3814 1260 3882 prestare
1278 3814 1307 3869 Β

245 3901 275 3954 ll
295 3898 384 3953 tonate
401 3898 493 3966 1³²uo,
520 3901 606 3957 fouite
622 3902 723 3967 LP¹V‚
749 3904 822 3958 ionit
839 3906 867 3958 B
969 3906 1215 3963 enascantur.
1315 3928 1376 3967 con·

244 3998 460 4085 sangninitetum
479 3998 595 4066 qualitas
614 4002 806 4068 (te-meorum
817 4016 838 4055 a.
851 4001 868 4055 l.
879 4002 944 4056 odd.
957 4004 1038 4070 corr.)
1058 4003 1085 4058 Β
1180 4004 1214 4059 12
1232 4004 1375 4061 dedicistcs

244 4101 497 4168 (asteriscorum
590 4104 624 4158 14
635 4104 850 4173 obsequorumL
937 4108 1071 4194 peritura
1085 4110 1111 4164 Τ
1201 4112 1233 4165 16
1246 4111 1303 4166 suit
1319 4113 1345 4167 Τ

295 4196 547 4292 musqueto
648 4226 681 4280 22
700 4242 852 4281 emmanu
870 4226 910 4281 13¹
1013 4230 1047 4283 22
1065 4229 1148 4299 igniri
1167 4230 1205 4285 a*
1294 4234 1375 4288 sner-

244 4305 314 4373 pctis
332 4305 370 4360 13¹
472 4308 507 4363 26
525 4307 705 4366 Partheniob
