2934 4934
238 351 300 419 192
594 348 708 418 lingui
726 348 854 403 Felieis
873 348 1002 404 ldnuodi

101 592 110 609 .
235 540 345 623 iuoepi.
369 541 424 606 ille
439 539 615 605 dilectionis
629 540 754 606 ianuam
777 540 896 623 pandit,
913 539 965 623 qui
987 540 1021 603 in
1036 539 1207 623 conloquiis
1223 545 1362 623 praestat
1452 538 1453 615 i

236 644 438 726 exemplumr
451 643 642 726 propositam
657 643 845 709 -eustodiuut
867 641 1035 709 formulam
1049 643 1104 726 qui
1126 643 1244 724 scripta
1265 643 1360 709 resti*
1452 642 1453 719 ζ

235 751 337 812 luunt.
362 736 578 831 ergo'auotore
592 744 648 810 deo
666 746 814 811 nuntiem
829 745 1042 828 prosperitatis
1058 749 1181 811 nostrae
1197 745 1363 828 epistolam
1452 752 1453 829 j

235 848 434 914 destinemus.
469 848 550 914 illud
578 849 618 913 ed
641 848 791 931 gaudium
813 853 969 928 uestrum,
1001 866 1061 932 quo
1083 845 1209 915 uberius
1232 852 1363 932 paterna

234 970 323 1017 mens
339 951 464 1031 exultet
480 952 689 1035 adiungimus,
712 951 815 1016 tilium
837 956 978 1017 uestrum
999 952 1033 1016 in
1048 952 1160 1019 ιιιιιιιιι
1175 950 1359 1017 lihernlihus
1383 974 1397 1014 e
1452 938 1453 941 '

234 1054 438 1140 ingenuitatis
459 1056 677 1120 testimonium
704 1055 770 1121 iam
792 1056 898 1120 tenere
920 1058 953 1121 et
979 1056 1077 1123 talem
1099 1074 1131 1122 ae
1152 1060 1184 1121 in
1208 1057 1266 1121 hue
1286 1072 1361 1121 eura
1452 1140 1453 1145 ἵ

233 1161 399 1240 praestare,
422 1163 458 1224 ut
481 1176 576 1224 auara
597 1175 725 1223 suorum
741 1162 814 1222 uota
835 1158 1044 1224 transcendet.
1066 1176 1136 1239 spes
1158 1158 1357 1241 perfeetionis
1452 1242 1453 1249 ἵ

232 1265 280 1327 est
301 1261 430 1327 honeste
451 1261 484 1326 iu
506 1262 703 1328 adulescente
724 1262 891 1346 inchoatio,
915 1280 970 1329 ιιι
992 1261 1030 1327 ab
1045 1261 1167 1327 erudito
1189 1263 1290 1327 distat
1304 1262 1359 1344 qui
1452 1280 1453 1341 j

233 1364 315 1430 inter
344 1365 468 1430 exordia
493 1363 569 1430 boui
602 1365 737 1449 gloriam
767 1368 896 1447 oeoupat
923 1364 1073 1432 instituti.
1118 1364 1256 1430 salutans
1285 1382 1358 1449 ergo
1452 1368 1453 1437 i

232 1469 405 1534 adiectione
426 1486 488 1551 qua
504 1464 599 1533 debeo
621 1487 720 1551 spero,
745 1472 781 1534 nt
803 1472 945 1551 reparate
961 1469 1197 1553 opportunitate
1215 1468 1254 1535 de
1278 1468 1396 1533 bonore
1452 1506 1453 1511 κ

233 1591 284 1639 me
306 1572 405 1638 faeiat
426 1572 549 1639 uestrae
570 1571 787 1654 prosperitatis
809 1572 926 1643 adtolli.
1452 1578 1453 1601 ³

650 1738 653 1747 '
748 1756 845 1823 xxv.

587 1891 771 1949 ιιιιιιιιι
790 1853 998 1957 araneolae.
1083 1856 1086 1863 ’

271 2012 334 2079 Lex
349 2015 509 2081 desideriis
530 2015 647 2098 seripta
667 2014 721 2080 uir
745 2016 896 2081 ereditur:
919 2016 1076 2099 inpatiens
1090 2016 1248 2101 rigidioris
1266 2036 1360 2102 prae-

230 2117 314 2199 eepti
330 2117 501 2201 diligentia
522 2134 582 2183 non
608 2118 727 2201 iugiter
748 2118 878 2203 dignum
901 2119 986 2197 feeit,
1016 2120 1251 2203 reprehensione
1274 2127 1395 2205 quodie
1452 2118 1453 2195 l

229 2219 329 2285 libera
344 2222 402 2285 est.
425 2220 564 2285 redditur
584 2238 675 2302 seepe
697 2221 860 2287 amabilior
875 2223 913 2286 de
934 2226 1033 2301 reatu,
1050 2240 1120 2288 eum
1142 2240 1197 2305 per
1221 2225 1357 2291 effrena-
1452 2202 1453 2297 ι

230 2323 347 2388 tionem
381 2324 510 2387 sortitur
542 2324 668 2405 genium
688 2326 760 2407 plus
787 2325 947 2407 placendi:
982 2342 1055 2391 uum
1084 2327 1233 2392 deliotum
1262 2344 1357 2394 suum
1452 2310 1453 2375 l

228 2425 361 2508 quodam
383 2425 482 2508 ipsius
503 2428 765 2509 praesumptionis
788 2426 881 2492 melle
902 2430 1107 2493 eommendat.
1142 2446 1200 2513 ego
1224 2447 1243 2493 a
1264 2448 1357 2513 prae-
1452 2422 1453 2505 ᾗ

228 2529 344 2597 satione
364 2546 421 2595 me·
437 2533 535 2608 tueor,
558 2530 632 2611 quia
654 2531 694 2594 ad
717 2532 865 2611 epistolas
887 2530 1008 2612 primus
1031 2532 1165 2613 adspira.
1194 2539 1294 2599 restat
1320 2536 1355 2600 in
1452 2524 1453 2605 f

227 2634 383 2714 potestate
412 2630 606 2697 eelsitudiuis
634 2634 775 2709 uestrae,
809 2636 835 2698 ei
858 2636 1010 2698 sustinere
1034 2635 1156 2717 eligetis
1178 2640 1391 2720 garrulum„

227 2754 288 2801 uon
321 2739 423 2802 tueare
456 2737 488 2800 ιι
520 2738 557 2800 de
591 2736 759 2815 originario
793 2735 1023 2819 symmachiani
1060 2738 1154 2803 fontis
1189 2741 1271 2807 laete
1303 2764 1353 2809 me

226 2856 358 2923 pascere.
381 2838 451 2904 uale
472 2838 506 2902 in
529 2836 652 2903 Christo
675 2840 798 2917 nostro,
829 2840 987 2904 Romanae
1009 2843 1110 2922 gentis
1134 2844 1297 2931 nobilitas,
1320 2848 1353 2911 et

226 2942 360 3006 maium
382 2943 420 3005 ut
442 2941 587 3006 clientem
615 2943 649 3005 et
669 2941 825 3006 famulum
848 2959 903 3024 pro
925 2958 1047 3007 morum
1076 2945 1108 3007 et
1130 2949 1259 3012 naturae
1281 2948 1352 3015 luee

226 3044 365 3128 dignare.

730 3160 845 3232 XXVI·
934 3184 935 3187 ’
1334 3166 1341 3179 ’
1362 3196 1388 3237 ιι

591 3297 777 3356 ιιιιιιιι
804 3281 980 3355 lemnio

265 3420 327 3486 Pro
349 3424 422 3489 uoto
444 3438 512 3487 meo
526 3422 715 3505 produxistis
739 3422 913 3507 epistolam,
938 3418 1014 3491 dum
1035 3444 1085 3489 res
1101 3426 1189 3493 nulls
1210 3428 1350 3495 fuscatas

225 3522 306 3589 nube
320 3526 469 3611 purgatis.
494 3524 674 3593 felicissime
689 3526 874 3593 defensionis
892 3529 972 3593 sorte
989 3528 1136 3595 adsumus
1155 3528 1350 3599 innocentiae

275 3712 289 3765 1
308 3711 449 3780 oolloquiis
467 3711 521 3767 oet
533 3710 562 3766 Β
573 3728 644 3769 oorr.
746 3714 762 3766 2
775 3714 924 3783 exemplum
936 3714 964 3767 Β
976 3730 996 3771 a.
1009 3714 1026 3769 l.
1124 3716 1142 3771 4
1153 3717 1224 3787 qued
1236 3718 1281 3774 Bt

222 3798 239 3851 6
257 3812 288 3851 ae
305 3796 333 3850 B
427 3797 445 3851 8
462 3796 623 3852 adoliseeute
641 3800 667 3867 (o
681 3815 716 3853 ee
727 3815 746 3852 ιι
757 3804 830 3865 nel)
850 3798 877 3852 Β
962 3800 1079 3855 iuooatio
1096 3802 1124 3854 B
1222 3804 1258 3859 10
1273 3818 1351 3873 opor·

220 3883 340 3938 tunitate
357 3882 395 3937 13¹
499 3883 530 3937 11
548 3884 655 3939 faciatis
672 3886 739 3951 fort.
757 3885 814 3961 ιιι·
829 3886 932 3947 rectius
948 3885 1021 3941 filius
1038 3888 1182 3957 supplem

272 3985 356 4042 XXV.
398 3986 431 4042 13
460 3986 596 4041 Ειιιιιιιιιι
624 3986 781 4056 symmaeho
810 3988 892 4047 misas
921 4004 967 4057 pur
993 3990 1083 4058 ipsum
1109 4006 1202 4046 ursum
1230 3990 1281 4049 Bt

222 4072 254 4126 15
271 4072 493 4142 repraehensione
508 4074 536 4127 Β
637 4074 670 4128 16
681 4074 917 4131 elirinatiousmB
1015 4076 1048 4131 18
1065 4076 1090 4146 a]
1109 4092 1139 4161 ao
1158 4076 1185 4131 Β
1273 4094 1352 4147 prae·

220 4157 348 4226 phatioue
366 4158 394 4212 Β
495 4160 531 4215 20
546 4159 732 4217 emhitudinie
751 4160 779 4214 Β
881 4162 985 4233 eligitis
1002 4163 1097 4217 metim

272 4260 370 4318 XXVI.
405 4262 440 4318 28
457 4262 629 4321 ιωιίιιιιιιιιι
646 4266 706 4333 (pr.
725 4279 742 4317 a
759 4264 790 4321 ιιι
807 4266 873 4332 rae.)
891 4264 919 4318 Β
