2934 4934
264 374 308 438 40
621 372 732 439 Magni
750 370 878 425 Felicis
895 370 1025 424 Enuodi

265 566 351 626 retur
365 563 527 627 accinerat.
549 567 586 626 tu
600 565 626 628 si
640 562 705 626 eins
720 560 893 626 aemulator
908 579 968 626 non
983 560 1159 643 prorumpis
1174 559 1207 624 in
1223 560 1376 645 gaudium,

266 668 350 728 certe
364 666 505 748 tempera
519 666 576 731 sub
590 666 695 748 aliqua
706 665 857 747 praedicti
873 665 1046 731 imitatione
1069 664 1269 729 maestitiam.
1291 664 1377 746 repli-

267 766 351 832 cabis
372 768 503 834 forsitan
524 770 576 834 uir
597 772 658 834 ista
677 772 780 852 aegris
809 770 912 834 animo
935 786 1022 849 posse
1043 768 1165 833 suaderi
1188 770 1220 831 et
1241 766 1274 831 in
1297 765 1378 849 graui

267 870 467 937 tribulatione
488 874 590 937 locum
615 892 676 937 non
698 874 811 939 habere
834 873 971 945 consilia,
995 871 1138 935 orbatum
1159 888 1220 936 non
1236 870 1379 952 respicere

266 974 410 1057 quicquid
432 976 575 1042 hortatur
598 978 638 1041 ad
660 976 771 1057 uitam,
799 977 927 1041 unicum
950 975 1104 1041 desolatos
1126 974 1238 1040 habere
1260 975 1293 1037 in
1314 990 1408 1037 auo-a

266 1077 364 1143 canda
384 1084 484 1145 morte
506 1080 690 1147 subsidium.
714 1080 764 1145 his
786 1082 889 1158 addas,
912 1080 992 1161 quod
1007 1077 1090 1160 frugi
1106 1078 1241 1144 sobolem
1264 1080 1380 1159 atquae

265 1186 405 1248 teneram
426 1188 560 1249 aetatem
581 1186 720 1249 uinceret
741 1202 863 1249 morum
878 1184 1033 1248 modestia
1053 1181 1227 1265 perdidisti,
1250 1180 1380 1263 allegans

265 1286 409 1350 iuuenem
440 1288 531 1352 tuum
564 1288 737 1353 inmaturos
772 1306 885 1363 annos,
918 1286 970 1367 qui
1004 1286 1139 1368 peccatis
1173 1284 1266 1351 amici
1303 1284 1380 1365 sunt,

265 1387 397 1471 glorioso
425 1389 486 1455 fine
507 1392 654 1456 clausisse
677 1395 709 1456 et
731 1394 762 1455 in
786 1390 899 1456 aetatis
935 1388 1096 1469 naufragio
1120 1392 1159 1454 ab
1182 1406 1215 1453 eo
1238 1388 1275 1452 de
1297 1390 1380 1470 portu

267 1491 387 1556 animae
408 1492 502 1559 fuisse
524 1496 701 1559 tractatum.
726 1494 838 1576 quibus
861 1511 917 1574 ego
940 1492 1081 1557 dolorum
1096 1494 1221 1558 tuorum
1242 1490 1410 1555 fomentiso

268 1594 342 1659 bost
362 1598 501 1661 maestus
523 1615 694 1679 opponam:
727 1598 832 1662 minus
855 1598 1007 1679 peccauit,
1030 1595 1110 1678 quod
1131 1594 1309 1659 mmaturus
1329 1592 1381 1658 ab·

265 1701 377 1779 ruptus
399 1705 463 1764 est:
500 1702 602 1766 iunxit
623 1702 663 1765 ad
685 1700 785 1767 uitam
806 1702 987 1783 perpetuam
1010 1700 1146 1765 melioris
1168 1697 1285 1763 saeculi
1308 1695 1382 1780 quod

265 1802 297 1865 in
320 1801 384 1867 ista
404 1804 558 1870 seruauit:
592 1805 794 1889 paenitentia,
828 1822 922 1886 quam
944 1822 1015 1869 eum
1038 1804 1136 1886 egisse
1158 1801 1301 1885 loqueris,
1329 1799 1383 1863 etsi

266 1904 387 1987 inipso
410 1925 470 1970 non
494 1907 664 1973 inuenisset
696 1909 777 1991 quod
811 1909 952 1985 dilueret,
976 1908 1138 1971 inuenerat
1152 1906 1234 1989 quod
1254 1905 1383 1983 ornaret,

267 2025 345 2088 quae
377 2009 519 2090 quotiens
552 2014 768 2079 innocentibus
801 2013 904 2088 datur,
937 2028 1079 2077 coronam
1113 2027 1168 2093 pro
1201 2006 1410 2073 humilitatisu

269 2109 429 2176 affectione
452 2114 607 2180 conciliat.
630 2116 762 2180 adhaec
778 2118 973 2199 respondeas:
996 2134 1055 2196 quo
1071 2132 1121 2178 me
1136 2116 1266 2188 nomm,
1282 2112 1382 2183 irater,

267 2216 321 2294 qui
342 2221 464 2297 praeter
486 2218 629 2283 lacrimas
652 2219 685 2281 in
707 2220 860 2302 praesenti
884 2219 953 2283 luce
976 2218 1021 2283 nil
1035 2217 1156 2283 habeo?
1179 2215 1322 2297 adiciam,
1338 2212 1382 2276 dei

268 2315 497 2397 proximitatem
533 2321 675 2386 inuenire
704 2340 794 2404 posse
817 2322 983 2400 hominem,
1008 2320 1061 2402 qui
1083 2319 1120 2385 de
1142 2320 1305 2383 homiuum
1326 2333 1382 2381 non

267 2420 416 2486 laetatur:
440 2424 471 2486 in
487 2423 553 2489 looo
567 2423 625 2490 filii
640 2426 800 2493 succedere
816 2444 904 2506 posse
919 2422 1150 2499 conscientiam,
1176 2440 1254 2503 quae
1265 2422 1383 2485 sanctos

267 2628 350 2693 uitae
371 2628 508 2694 melioris
530 2633 699 2709 ostendam,
722 2632 797 2696 licet
819 2633 874 2696 tua
889 2648 949 2695 uon
965 2630 1053 2713 egeat
1076 2630 1226 2694 monitore
1240 2623 1384 2710 perfectio

269 2748 324 2797 nec
345 2733 496 2815 magistro
519 2752 595 2817 opus
609 2734 651 2798 sit
665 2734 705 2811 ei,
727 2752 819 2817 quem
841 2734 979 2798 iecerunt
1001 2733 1126 2797 actuum
1141 2748 1266 2796 suorum
1284 2746 1383 2813 ernen-

267 2832 407 2901 dationes
429 2838 460 2900 et
482 2837 718 2902 honestamenta
746 2836 956 2919 conspicuum,
989 2834 1050 2901 nisi
1072 2836 1197 2900 tantum
1219 2836 1256 2897 ut
1277 2832 1384 2898 adhor-

267 2938 403 3016 tationis,
420 2958 514 3022 quarn
528 2941 656 3005 consilio
672 2946 726 3005 tuo
743 2942 776 3004 et
789 2938 973 3021 prudentiae
989 2941 1090 3016 debes,
1114 2936 1206 3003 fidem
1221 2936 1385 3019 diligenter

267 3041 418 3121 expendas
440 3047 471 3109 et
493 3046 532 3109 ad
554 3044 734 3109 caelestium
756 3060 920 3108 munemm
943 3041 1090 3107 affectum
1112 3044 1143 3105 te
1157 3056 1292 3115 reuocas,
1308 3037 1413 3102 nucea

267 3141 380 3208 uitales
413 3165 504 3210 auras
532 3147 564 3210 st
585 3145 753 3228 accipimus
786 3148 818 3210 et
847 3163 987 3210 amamus
1020 3145 1052 3208 et
1081 3145 1206 3227 gratum
1239 3141 1331 3208 nobis
1352 3139 1385 3203 lit

268 3246 463 3332 beneficium,
487 3250 574 3313 cuius
597 3250 727 3314 colimus
752 3252 783 3314 et
805 3266 988 3313 ueneremur
1011 3246 1178 3312 auctorem.
1221 3244 1284 3310 ista
1306 3246 1384 3319 sunt,

319 3490 334 3541 1
361 3486 493 3541 cecinerat
517 3488 543 3541 Τ
562 3490 594 3542 in
612 3502 665 3541 roa.
685 3490 757 3541 m.2
859 3490 877 3542 2
903 3474 951 3558 ἔρα
970 3487 996 3541 Τ
1008 3488 1040 3541 ia
1058 3502 1113 3540 ros.
1132 3486 1204 3539 Μ
1308 3481 1385 3552 repli-

266 3573 323 3627 ceei
350 3572 375 3627 is
399 3573 427 3627 Β
540 3572 558 3627 4
584 3572 725 3628 consilium
752 3572 790 3627 B¹
904 3574 921 3625 5
947 3570 1076 3641 quidquid
1104 3570 1131 3625 Β
1243 3569 1280 3638 in]
1307 3571 1335 3623 et
1360 3568 1385 3620 iu

269 3697 296 3751 T
377 3697 479 3764 dquae
496 3694 638 3761 BLPTV,
665 3696 751 3764 quab
837 3694 980 3763 lalligans
993 3693 1020 3747 Β
1108 3692 1141 3745 10
1158 3656 1275 3745 tracium
1295 3689 1322 3744 L

268 3781 302 3836 13
318 3782 469 3851 penitentia
486 3782 552 3836 P¹T
652 3784 680 3836 et
697 3782 731 3851 si]
750 3782 774 3836 si
791 3782 849 3847 Po,
876 3782 958 3835 etiarn
977 3780 1000 3834 si
1019 3778 1100 3833 Sirra.
1214 3776 1246 3831 16
1264 3773 1387 3830 conciliet

266 3868 322 3924 BT
422 3870 453 3924 l‘l
472 3868 541 3923 nihil
559 3868 583 3933 b,
601 3868 696 3923 ooaL
800 3869 833 3923 18
850 3866 1001 3921 dehomiue
1020 3865 1073 3919 Pu
1174 3862 1208 3917 20
1226 3877 1292 3931 ergo
1309 3876 1387 3915 unam

264 3956 297 4009 ,Τ
388 3956 420 4009 21
440 3959 533 4025 aegest
551 3956 579 4010 13
674 3956 709 4008 22
726 3951 962 4023 magistroruml'
1052 3954 1155 4021 aeteum
1172 3948 1200 4004 L
1294 3946 1330 4002 24
1347 3946 1388 4000 de

267 4093 310 4147 bia
335 4094 362 4146 Β
464 4094 498 4148 25
524 4065 613 4146 11]ηηῖ
628 4091 764 4147 celestium
794 4091 820 4144 Τ
852 4105 932 4144 mune
954 4104 982 4143 ee
1003 4088 1037 4142 ia
1059 4104 1115 4143 roa.
1226 4088 1254 4139 te
1276 4083 1387 4139 caetero

269 4178 357 4234 Sabat.
461 4179 559 4233 rouoeis
582 4179 610 4233 B
722 4176 757 4231 26
780 4174 874 4231 uitalis
896 4176 924 4229 B
1026 4174 1058 4227 fle
1076 4172 1165 4239 BLV,
1192 4171 1230 4226 sit
1249 4171 1324 4227 PYb

268 4298 301 4352 27
320 4297 435 4352 colemus
454 4298 482 4352 B
602 4299 716 4350 acmrem
738 4298 805 4351 Tot
822 4296 861 4350 aio
878 4310 958 4363 saepe
1072 4266 1113 4347 i'ta
1129 4293 1156 4346 L
