<?xml version="1.0" encoding="UTF-8"?>
<!DOCTYPE html PUBLIC "-//W3C//DTD XHTML 1.0 Transitional//EN"
    "http://www.w3.org/TR/xhtml1/DTD/xhtml1-transitional.dtd">
<html xmlns="http://www.w3.org/1999/xhtml" xml:lang="en" lang="en">
 <head>
  <title>
</title>
<meta http-equiv="Content-Type" content="text/html;charset=utf-8" />
  <meta name='ocr-system' content='tesseract 3.04.00' />
  <meta name='ocr-capabilities' content='ocr_page ocr_carea ocr_par ocr_line ocrx_word'/>
</head>
<body>
  <div class='ocr_page' id='page_1' title='image "./corpusscriptoru13wissgoog_0293.png"; bbox 0 0 2934 4934; ppageno 0'>
   <div class='ocr_carea' id='block_1_1' title="bbox 455 395 879 467">
    <p class='ocr_par' dir='ltr' id='par_1_1' title="bbox 455 395 879 467">
     <span class='ocr_line' id='line_1_1' title="bbox 455 395 879 467; baseline 0.007 -16"><span class='ocrx_word' id='word_1_1' title='bbox 455 395 692 467; x_wconf 71' lang='lat' dir='ltr'><strong>Epistularum</strong></span> <span class='ocrx_word' id='word_1_2' title='bbox 710 396 799 453; x_wconf 89' lang='lat' dir='ltr'><strong>liber</strong></span> <span class='ocrx_word' id='word_1_3' title='bbox 817 396 879 454; x_wconf 78' lang='lat' dir='ltr'>VII.</span> 
     </span>
    </p>
   </div>
   <div class='ocr_carea' id='block_1_2' title="bbox 503 584 829 778">
    <p class='ocr_par' dir='ltr' id='par_1_2' title="bbox 503 584 829 778">
     <span class='ocr_line' id='line_1_2' title="bbox 585 584 750 653; baseline 0.006 -2"><span class='ocrx_word' id='word_1_4' title='bbox 585 584 750 653; x_wconf 83' lang='lat' dir='ltr'>XXVIIII.</span> 
     </span>
     <span class='ocr_line' id='line_1_3' title="bbox 503 719 829 778; baseline -0.006 -2"><span class='ocrx_word' id='word_1_5' title='bbox 503 719 687 777; x_wconf 67' lang='lat' dir='ltr'><strong>eunomus</strong></span> <span class='ocrx_word' id='word_1_6' title='bbox 704 720 829 778; x_wconf 78' lang='grc' dir='ltr'><strong><em>ΒΒΔΤΟ.</em></strong></span> 
     </span>
    </p>
   </div>
   <div class='ocr_carea' id='block_1_3' title="bbox 64 835 1229 3507">
    <p class='ocr_par' dir='ltr' id='par_1_3' title="bbox 64 835 1229 3507">
     <span class='ocr_line' id='line_1_4' title="bbox 143 835 1228 931; baseline 0.007 -22"><span class='ocrx_word' id='word_1_7' title='bbox 143 835 218 909; x_wconf 80' lang='lat' dir='ltr'><strong>Non</strong></span> <span class='ocrx_word' id='word_1_8' title='bbox 242 861 299 927; x_wconf 84' lang='lat' dir='ltr'><strong>ego</strong></span> <span class='ocrx_word' id='word_1_9' title='bbox 322 844 487 927; x_wconf 87' lang='lat' dir='ltr'><strong>epistolam</strong></span> <span class='ocrx_word' id='word_1_10' title='bbox 508 862 612 909; x_wconf 85' lang='lat' dir='ltr'><strong>meam</strong></span> <span class='ocrx_word' id='word_1_11' title='bbox 641 843 727 910; x_wconf 89' lang='lat' dir='ltr'><strong>iutra</strong></span> <span class='ocrx_word' id='word_1_12' title='bbox 748 842 858 909; x_wconf 91' lang='lat' dir='ltr'><strong>breues</strong></span> <span class='ocrx_word' id='word_1_13' title='bbox 886 844 1036 911; x_wconf 88' lang='lat' dir='ltr'><strong>terminos</strong></span> <span class='ocrx_word' id='word_1_14' title='bbox 1059 845 1228 931; x_wconf 74' lang='lat' dir='ltr'><strong>Spartanae</strong></span> 
     </span>
     <span class='ocr_line' id='line_1_5' title="bbox 100 946 1229 1020; baseline 0.005 -7"><span class='ocrx_word' id='word_1_15' title='bbox 100 966 223 1013; x_wconf 87' lang='lat' dir='ltr'><strong>memor</strong></span> <span class='ocrx_word' id='word_1_16' title='bbox 247 947 494 1013; x_wconf 87' lang='lat' dir='ltr'><strong>concinnationis</strong></span> <span class='ocrx_word' id='word_1_17' title='bbox 515 946 639 1013; x_wconf 89' lang='lat' dir='ltr'><strong>includo</strong></span> <span class='ocrx_word' id='word_1_18' title='bbox 661 966 720 1012; x_wconf 91' lang='lat' dir='ltr'><strong>uec</strong></span> <span class='ocrx_word' id='word_1_19' title='bbox 741 947 875 1013; x_wconf 87' lang='lat' dir='ltr'><strong>formam</strong></span> <span class='ocrx_word' id='word_1_20' title='bbox 894 948 983 1014; x_wconf 85' lang='lat' dir='ltr'><strong>tuam</strong></span> <span class='ocrx_word' id='word_1_21' title='bbox 1005 950 1109 1016; x_wconf 90' lang='lat' dir='ltr'><strong>studio</strong></span> <span class='ocrx_word' id='word_1_22' title='bbox 1130 954 1229 1020; x_wconf 89' lang='lat' dir='ltr'><strong>coacti</strong></span> 
     </span>
     <span class='ocr_line' id='line_1_6' title="bbox 79 1048 1226 1135; baseline 0.01 -26"><span class='ocrx_word' id='word_1_23' title='bbox 79 1048 256 1115; x_wconf 76' lang='lat' dir='ltr'><strong>esermcuis</strong></span> <span class='ocrx_word' id='word_1_24' title='bbox 278 1050 412 1118; x_wconf 74' lang='lat' dir='ltr'><strong>inrideot</strong></span> <span class='ocrx_word' id='word_1_25' title='bbox 433 1049 524 1117; x_wconf 90' lang='lat' dir='ltr'><strong>abest</strong></span> <span class='ocrx_word' id='word_1_26' title='bbox 543 1068 563 1115; x_wconf 89' lang='lat' dir='ltr'><strong>a</strong></span> <span class='ocrx_word' id='word_1_27' title='bbox 582 1070 634 1117; x_wconf 90' lang='lat' dir='ltr'><strong>me</strong></span> <span class='ocrx_word' id='word_1_28' title='bbox 656 1050 741 1133; x_wconf 83' lang='lat' dir='ltr'><strong>loqui</strong></span> <span class='ocrx_word' id='word_1_29' title='bbox 761 1068 860 1135; x_wconf 82' lang='lat' dir='ltr'><strong>panca</strong></span> <span class='ocrx_word' id='word_1_30' title='bbox 879 1068 953 1117; x_wconf 88' lang='lat' dir='ltr'><strong>oum</strong></span> <span class='ocrx_word' id='word_1_31' title='bbox 968 1052 1110 1119; x_wconf 86' lang='lat' dir='ltr'><strong>modicis.</strong></span> <span class='ocrx_word' id='word_1_32' title='bbox 1133 1056 1226 1121; x_wconf 86' lang='lat' dir='ltr'><strong>urba·</strong></span> 
     </span>
     <span class='ocr_line' id='line_1_7' title="bbox 100 1152 1226 1239; baseline 0.005 -21"><span class='ocrx_word' id='word_1_33' title='bbox 100 1171 214 1219; x_wconf 91' lang='lat' dir='ltr'><strong>norum</strong></span> <span class='ocrx_word' id='word_1_34' title='bbox 236 1154 286 1219; x_wconf 90' lang='lat' dir='ltr'><strong>est</strong></span> <span class='ocrx_word' id='word_1_35' title='bbox 306 1154 426 1239; x_wconf 75' lang='lat' dir='ltr'><strong>exiguis</strong></span> <span class='ocrx_word' id='word_1_36' title='bbox 447 1153 600 1238; x_wconf 83' lang='lat' dir='ltr'><strong>producte</strong></span> <span class='ocrx_word' id='word_1_37' title='bbox 620 1152 802 1219; x_wconf 86' lang='lat' dir='ltr'><strong>subtrahere</strong></span> <span class='ocrx_word' id='word_1_38' title='bbox 825 1157 858 1220; x_wconf 89' lang='lat' dir='ltr'><strong>et</strong></span> <span class='ocrx_word' id='word_1_39' title='bbox 878 1155 945 1219; x_wconf 91' lang='lat' dir='ltr'><strong>sine</strong></span> <span class='ocrx_word' id='word_1_40' title='bbox 966 1153 1073 1238; x_wconf 82' lang='lat' dir='ltr'><strong>aliqua</strong></span> <span class='ocrx_word' id='word_1_41' title='bbox 1094 1160 1226 1225; x_wconf 87' lang='lat' dir='ltr'><strong>uecessi-</strong></span> 
     </span>
     <span class='ocr_line' id='line_1_8' title="bbox 99 1255 1226 1343; baseline 0.004 -22"><span class='ocrx_word' id='word_1_42' title='bbox 99 1258 165 1321; x_wconf 84' lang='lat' dir='ltr'><strong>tate</strong></span> <span class='ocrx_word' id='word_1_43' title='bbox 187 1256 328 1341; x_wconf 81' lang='lat' dir='ltr'><strong>paginas,</strong></span> <span class='ocrx_word' id='word_1_44' title='bbox 351 1256 459 1337; x_wconf 82' lang='lat' dir='ltr'><strong>quales</strong></span> <span class='ocrx_word' id='word_1_45' title='bbox 479 1255 580 1339; x_wconf 83' lang='lat' dir='ltr'><strong>poscit</strong></span> <span class='ocrx_word' id='word_1_46' title='bbox 601 1255 763 1323; x_wconf 86' lang='lat' dir='ltr'><strong>homiuum</strong></span> <span class='ocrx_word' id='word_1_47' title='bbox 785 1274 941 1335; x_wconf 86' lang='lat' dir='ltr'><strong>mensure,</strong></span> <span class='ocrx_word' id='word_1_48' title='bbox 964 1256 1107 1325; x_wconf 85' lang='lat' dir='ltr'><strong>formare</strong></span> <span class='ocrx_word' id='word_1_49' title='bbox 1143 1262 1226 1343; x_wconf 85' lang='lat' dir='ltr'><strong>quod</strong></span> 
     </span>
     <span class='ocr_line' id='line_1_9' title="bbox 99 1358 1225 1443; baseline 0.006 -20"><span class='ocrx_word' id='word_1_50' title='bbox 99 1358 131 1423; x_wconf 91' lang='lat' dir='ltr'><strong>iu</strong></span> <span class='ocrx_word' id='word_1_51' title='bbox 153 1377 207 1423; x_wconf 93' lang='lat' dir='ltr'><strong>me</strong></span> <span class='ocrx_word' id='word_1_52' title='bbox 231 1359 342 1437; x_wconf 90' lang='lat' dir='ltr'><strong>dehis,</strong></span> <span class='ocrx_word' id='word_1_53' title='bbox 365 1378 445 1442; x_wconf 86' lang='lat' dir='ltr'><strong>quse</strong></span> <span class='ocrx_word' id='word_1_54' title='bbox 465 1360 627 1443; x_wconf 85' lang='lat' dir='ltr'><strong>praelatus</strong></span> <span class='ocrx_word' id='word_1_55' title='bbox 647 1379 728 1439; x_wconf 90' lang='lat' dir='ltr'><strong>sum,</strong></span> <span class='ocrx_word' id='word_1_56' title='bbox 753 1358 866 1427; x_wconf 78' lang='lat' dir='ltr'><strong>subtile</strong></span> <span class='ocrx_word' id='word_1_57' title='bbox 881 1361 1050 1443; x_wconf 85' lang='lat' dir='ltr'><strong>putaueris,</strong></span> <span class='ocrx_word' id='word_1_58' title='bbox 1067 1361 1225 1430; x_wconf 73' lang='lat' dir='ltr'><strong>festinatio</strong></span> 
     </span>
     <span class='ocr_line' id='line_1_10' title="bbox 99 1460 1225 1549; baseline 0.006 -24"><span class='ocrx_word' id='word_1_59' title='bbox 99 1477 159 1525; x_wconf 88' lang='lat' dir='ltr'><strong>non</strong></span> <span class='ocrx_word' id='word_1_60' title='bbox 184 1480 309 1545; x_wconf 87' lang='lat' dir='ltr'><strong>semper</strong></span> <span class='ocrx_word' id='word_1_61' title='bbox 330 1463 433 1527; x_wconf 89' lang='lat' dir='ltr'><strong>amica</strong></span> <span class='ocrx_word' id='word_1_62' title='bbox 454 1461 534 1528; x_wconf 88' lang='lat' dir='ltr'><strong>artis</strong></span> <span class='ocrx_word' id='word_1_63' title='bbox 557 1466 588 1527; x_wconf 87' lang='lat' dir='ltr'><strong>et</strong></span> <span class='ocrx_word' id='word_1_64' title='bbox 610 1480 700 1527; x_wconf 89' lang='lat' dir='ltr'><strong>cesus</strong></span> <span class='ocrx_word' id='word_1_65' title='bbox 724 1460 873 1528; x_wconf 87' lang='lat' dir='ltr'><strong>exhibuit.</strong></span> <span class='ocrx_word' id='word_1_66' title='bbox 897 1481 1047 1549; x_wconf 84' lang='lat' dir='ltr'><strong>magnum</strong></span> <span class='ocrx_word' id='word_1_67' title='bbox 1067 1464 1146 1531; x_wconf 88' lang='lat' dir='ltr'><strong>mihi</strong></span> <span class='ocrx_word' id='word_1_68' title='bbox 1167 1469 1225 1544; x_wconf 91' lang='lat' dir='ltr'><strong>est,</strong></span> 
     </span>
     <span class='ocr_line' id='line_1_11' title="bbox 68 1565 1224 1653; baseline 0.003 -22"><span class='ocrx_word' id='word_1_69' title='bbox 68 1568 125 1631; x_wconf 75' lang='lat' dir='ltr'><strong>wei</strong></span> <span class='ocrx_word' id='word_1_70' title='bbox 147 1565 303 1631; x_wconf 89' lang='lat' dir='ltr'><strong>dederuut</strong></span> <span class='ocrx_word' id='word_1_71' title='bbox 325 1565 460 1631; x_wconf 81' lang='lat' dir='ltr'><strong>fortuita</strong></span> <span class='ocrx_word' id='word_1_72' title='bbox 476 1567 559 1649; x_wconf 89' lang='lat' dir='ltr'><strong>quod</strong></span> <span class='ocrx_word' id='word_1_73' title='bbox 579 1565 712 1632; x_wconf 84' lang='lat' dir='ltr'><strong>mheris.</strong></span> <span class='ocrx_word' id='word_1_74' title='bbox 734 1584 808 1649; x_wconf 81' lang='lat' dir='ltr'><strong>ergo</strong></span> <span class='ocrx_word' id='word_1_75' title='bbox 831 1584 954 1633; x_wconf 69' lang='lat' dir='ltr'><strong>cauum</strong></span> <span class='ocrx_word' id='word_1_76' title='bbox 978 1568 1154 1653; x_wconf 80' lang='lat' dir='ltr'><strong>scriptionis</strong></span> <span class='ocrx_word' id='word_1_77' title='bbox 1175 1571 1224 1635; x_wconf 90' lang='lat' dir='ltr'><strong>in·</strong></span> 
     </span>
     <span class='ocr_line' id='line_1_12' title="bbox 98 1668 1225 1753; baseline 0.003 -18"><span class='ocrx_word' id='word_1_78' title='bbox 98 1669 199 1750; x_wconf 73' lang='lat' dir='ltr'><strong>sinuo</strong></span> <span class='ocrx_word' id='word_1_79' title='bbox 223 1688 317 1753; x_wconf 90' lang='lat' dir='ltr'><strong>quam</strong></span> <span class='ocrx_word' id='word_1_80' title='bbox 339 1668 402 1735; x_wconf 89' lang='lat' dir='ltr'><strong>tibi</strong></span> <span class='ocrx_word' id='word_1_81' title='bbox 422 1669 566 1751; x_wconf 87' lang='lat' dir='ltr'><strong>praelata</strong></span> <span class='ocrx_word' id='word_1_82' title='bbox 579 1669 766 1736; x_wconf 83' lang='lat' dir='ltr'><strong>salutatione</strong></span> <span class='ocrx_word' id='word_1_83' title='bbox 781 1669 968 1735; x_wconf 83' lang='lat' dir='ltr'><strong>commendo</strong></span> <span class='ocrx_word' id='word_1_84' title='bbox 993 1670 1132 1753; x_wconf 80' lang='lat' dir='ltr'><strong>digresso</strong></span> <span class='ocrx_word' id='word_1_85' title='bbox 1147 1673 1225 1738; x_wconf 89' lang='lat' dir='ltr'><strong>mihi</strong></span> 
     </span>
     <span class='ocr_line' id='line_1_13' title="bbox 98 1770 1224 1858; baseline 0.005 -22"><span class='ocrx_word' id='word_1_86' title='bbox 98 1771 175 1837; x_wconf 86' lang='lat' dir='ltr'><strong>urbe</strong></span> <span class='ocrx_word' id='word_1_87' title='bbox 198 1774 309 1854; x_wconf 89' lang='lat' dir='ltr'><strong>procul</strong></span> <span class='ocrx_word' id='word_1_88' title='bbox 330 1776 464 1839; x_wconf 80' lang='lat' dir='ltr'><strong>domnae</strong></span> <span class='ocrx_word' id='word_1_89' title='bbox 484 1791 573 1839; x_wconf 87' lang='lat' dir='ltr'><strong>meae</strong></span> <span class='ocrx_word' id='word_1_90' title='bbox 592 1770 748 1855; x_wconf 75' lang='lat' dir='ltr'><strong>Cynegiae</strong></span> <span class='ocrx_word' id='word_1_91' title='bbox 770 1771 905 1838; x_wconf 86' lang='lat' dir='ltr'><strong>occurrit</strong></span> <span class='ocrx_word' id='word_1_92' title='bbox 927 1775 1106 1852; x_wconf 88' lang='lat' dir='ltr'><strong>admonitio,</strong></span> <span class='ocrx_word' id='word_1_93' title='bbox 1130 1794 1224 1858; x_wconf 87' lang='lat' dir='ltr'><strong>qnare</strong></span> 
     </span>
     <span class='ocr_line' id='line_1_14' title="bbox 97 1874 1223 1961; baseline 0.004 -22"><span class='ocrx_word' id='word_1_94' title='bbox 97 1877 277 1959; x_wconf 86' lang='lat' dir='ltr'><strong>sepulcrum</strong></span> <span class='ocrx_word' id='word_1_95' title='bbox 299 1878 366 1942; x_wconf 91' lang='lat' dir='ltr'><strong>eius</strong></span> <span class='ocrx_word' id='word_1_96' title='bbox 382 1894 442 1942; x_wconf 90' lang='lat' dir='ltr'><strong>non</strong></span> <span class='ocrx_word' id='word_1_97' title='bbox 467 1876 666 1941; x_wconf 82' lang='lat' dir='ltr'><strong>honorassem</strong></span> <span class='ocrx_word' id='word_1_98' title='bbox 680 1874 772 1941; x_wconf 84' lang='lat' dir='ltr'><strong>laude</strong></span> <span class='ocrx_word' id='word_1_99' title='bbox 789 1876 875 1940; x_wconf 91' lang='lat' dir='ltr'><strong>ducti</strong></span> <span class='ocrx_word' id='word_1_100' title='bbox 896 1876 930 1941; x_wconf 93' lang='lat' dir='ltr'><strong>in</strong></span> <span class='ocrx_word' id='word_1_101' title='bbox 947 1895 1071 1943; x_wconf 88' lang='lat' dir='ltr'><strong>carmen</strong></span> <span class='ocrx_word' id='word_1_102' title='bbox 1094 1878 1223 1961; x_wconf 89' lang='lat' dir='ltr'><strong>eloquii:</strong></span> 
     </span>
     <span class='ocr_line' id='line_1_15' title="bbox 97 1976 1224 2063; baseline 0.003 -20"><span class='ocrx_word' id='word_1_103' title='bbox 97 1980 179 2061; x_wconf 89' lang='lat' dir='ltr'><strong>quod</strong></span> <span class='ocrx_word' id='word_1_104' title='bbox 210 1979 353 2061; x_wconf 87' lang='lat' dir='ltr'><strong>quamuis</strong></span> <span class='ocrx_word' id='word_1_105' title='bbox 381 1977 555 2044; x_wconf 86' lang='lat' dir='ltr'><strong>reuerentia</strong></span> <span class='ocrx_word' id='word_1_106' title='bbox 581 1979 642 2043; x_wconf 90' lang='lat' dir='ltr'><strong>uiri</strong></span> <span class='ocrx_word' id='word_1_107' title='bbox 668 1979 766 2061; x_wconf 89' lang='lat' dir='ltr'><strong>ipsius</strong></span> <span class='ocrx_word' id='word_1_108' title='bbox 795 1976 944 2058; x_wconf 85' lang='lat' dir='ltr'><strong>facerem,</strong></span> <span class='ocrx_word' id='word_1_109' title='bbox 974 1980 1116 2063; x_wconf 81' lang='lat' dir='ltr'><strong>tractent,</strong></span> <span class='ocrx_word' id='word_1_110' title='bbox 1150 1981 1224 2063; x_wconf 89' lang='lat' dir='ltr'><strong>quia</strong></span> 
     </span>
     <span class='ocr_line' id='line_1_16' title="bbox 65 2080 1221 2164; baseline 0.003 -18"><span class='ocrx_word' id='word_1_111' title='bbox 65 2081 178 2164; x_wconf 77' lang='lat' dir='ltr'><strong>¹⁶quod</strong></span> <span class='ocrx_word' id='word_1_112' title='bbox 208 2082 311 2149; x_wconf 91' lang='lat' dir='ltr'><strong>radiat</strong></span> <span class='ocrx_word' id='word_1_113' title='bbox 337 2084 406 2148; x_wconf 93' lang='lat' dir='ltr'><strong>luce</strong></span> <span class='ocrx_word' id='word_1_114' title='bbox 439 2083 621 2147; x_wconf 89' lang='lat' dir='ltr'><strong>meritorum</strong></span> <span class='ocrx_word' id='word_1_115' title='bbox 648 2080 713 2145; x_wconf 86' lang='lat' dir='ltr'><strong>stili</strong></span> <span class='ocrx_word' id='word_1_116' title='bbox 744 2082 886 2147; x_wconf 88' lang='lat' dir='ltr'><strong>ubertate</strong></span> <span class='ocrx_word' id='word_1_117' title='bbox 914 2082 1136 2148; x_wconf 88' lang='lat' dir='ltr'><strong>celebrandum</strong></span> <span class='ocrx_word' id='word_1_118' title='bbox 1164 2089 1221 2150; x_wconf 88' lang='lat' dir='ltr'><strong>est.</strong></span> 
     </span>
     <span class='ocr_line' id='line_1_17' title="bbox 96 2182 1222 2270; baseline 0.002 -20"><span class='ocrx_word' id='word_1_119' title='bbox 96 2204 168 2250; x_wconf 88' lang='lat' dir='ltr'><strong>uam</strong></span> <span class='ocrx_word' id='word_1_120' title='bbox 186 2203 245 2250; x_wconf 91' lang='lat' dir='ltr'><strong>nec</strong></span> <span class='ocrx_word' id='word_1_121' title='bbox 261 2186 337 2251; x_wconf 87' lang='lat' dir='ltr'><strong>deus</strong></span> <span class='ocrx_word' id='word_1_122' title='bbox 360 2184 499 2250; x_wconf 83' lang='lat' dir='ltr'><strong>officium</strong></span> <span class='ocrx_word' id='word_1_123' title='bbox 514 2184 632 2267; x_wconf 88' lang='lat' dir='ltr'><strong>respuit</strong></span> <span class='ocrx_word' id='word_1_124' title='bbox 653 2182 791 2267; x_wconf 89' lang='lat' dir='ltr'><strong>imperiti</strong></span> <span class='ocrx_word' id='word_1_125' title='bbox 813 2188 844 2248; x_wconf 92' lang='lat' dir='ltr'><strong>et</strong></span> <span class='ocrx_word' id='word_1_126' title='bbox 866 2186 1031 2250; x_wconf 89' lang='lat' dir='ltr'><strong>contentus</strong></span> <span class='ocrx_word' id='word_1_127' title='bbox 1054 2186 1120 2268; x_wconf 88' lang='lat' dir='ltr'><strong>ipse</strong></span> <span class='ocrx_word' id='word_1_128' title='bbox 1142 2190 1222 2270; x_wconf 90' lang='lat' dir='ltr'><strong>quod</strong></span> 
     </span>
     <span class='ocr_line' id='line_1_18' title="bbox 96 2286 1222 2371; baseline 0.003 -19"><span class='ocrx_word' id='word_1_129' title='bbox 96 2288 213 2353; x_wconf 84' lang='lat' dir='ltr'><strong>tribuit</strong></span> <span class='ocrx_word' id='word_1_130' title='bbox 233 2306 254 2354; x_wconf 89' lang='lat' dir='ltr'><strong>a</strong></span> <span class='ocrx_word' id='word_1_131' title='bbox 274 2286 497 2353; x_wconf 68' lang='lat' dir='ltr'><strong>rusticantibus</strong></span> <span class='ocrx_word' id='word_1_132' title='bbox 526 2288 690 2353; x_wconf 83' lang='lat' dir='ltr'><strong>uerborum</strong></span> <span class='ocrx_word' id='word_1_133' title='bbox 712 2286 889 2353; x_wconf 67' lang='lat' dir='ltr'><strong>diadema</strong></span> <span class='ocrx_word' id='word_1_134' title='bbox 917 2306 978 2355; x_wconf 92' lang='lat' dir='ltr'><strong>non</strong></span> <span class='ocrx_word' id='word_1_135' title='bbox 999 2288 1139 2371; x_wconf 85' lang='lat' dir='ltr'><strong>requirit.</strong></span> <span class='ocrx_word' id='word_1_136' title='bbox 1173 2288 1222 2355; x_wconf 92' lang='lat' dir='ltr'><strong>his</strong></span> 
     </span>
     <span class='ocr_line' id='line_1_19' title="bbox 96 2388 1222 2473; baseline 0.003 -18"><span class='ocrx_word' id='word_1_137' title='bbox 96 2409 167 2470; x_wconf 72' lang='lat' dir='ltr'><strong>ergo</strong></span> <span class='ocrx_word' id='word_1_138' title='bbox 188 2390 333 2457; x_wconf 89' lang='lat' dir='ltr'><strong>uersibus</strong></span> <span class='ocrx_word' id='word_1_139' title='bbox 355 2388 555 2455; x_wconf 87' lang='lat' dir='ltr'><strong>scribendum</strong></span> <span class='ocrx_word' id='word_1_140' title='bbox 582 2389 775 2473; x_wconf 72' lang='lat' dir='ltr'><strong>epitaphium</strong></span> <span class='ocrx_word' id='word_1_141' title='bbox 804 2390 969 2457; x_wconf 78' lang='lat' dir='ltr'><strong>destinam.</strong></span> <span class='ocrx_word' id='word_1_142' title='bbox 1007 2389 1044 2457; x_wconf 94' lang='lat' dir='ltr'><strong>de</strong></span> <span class='ocrx_word' id='word_1_143' title='bbox 1066 2408 1125 2473; x_wconf 89' lang='lat' dir='ltr'><strong>quo</strong></span> <span class='ocrx_word' id='word_1_144' title='bbox 1147 2394 1222 2473; x_wconf 88' lang='lat' dir='ltr'><strong>quid</strong></span> 
     </span>
     <span class='ocr_line' id='line_1_20' title="bbox 95 2493 1222 2577; baseline 0.003 -19"><span class='ocrx_word' id='word_1_145' title='bbox 95 2495 262 2573; x_wconf 84' lang='lat' dir='ltr'><strong>sentiatur,</strong></span> <span class='ocrx_word' id='word_1_146' title='bbox 289 2493 334 2559; x_wconf 88' lang='lat' dir='ltr'><strong>sio</strong></span> <span class='ocrx_word' id='word_1_147' title='bbox 355 2493 445 2576; x_wconf 89' lang='lat' dir='ltr'><strong>pater</strong></span> <span class='ocrx_word' id='word_1_148' title='bbox 468 2496 542 2557; x_wconf 91' lang='lat' dir='ltr'><strong>tuus</strong></span> <span class='ocrx_word' id='word_1_149' title='bbox 564 2493 655 2559; x_wconf 88' lang='lat' dir='ltr'><strong>uiuet</strong></span> <span class='ocrx_word' id='word_1_150' title='bbox 674 2494 709 2557; x_wconf 92' lang='lat' dir='ltr'><strong>et</strong></span> <span class='ocrx_word' id='word_1_151' title='bbox 730 2493 829 2560; x_wconf 81' lang='lat' dir='ltr'><strong>Rome</strong></span> <span class='ocrx_word' id='word_1_152' title='bbox 850 2495 898 2575; x_wconf 85' lang='lat' dir='ltr'><strong>te,</strong></span> <span class='ocrx_word' id='word_1_153' title='bbox 928 2496 1079 2577; x_wconf 86' lang='lat' dir='ltr'><strong>quantum</strong></span> <span class='ocrx_word' id='word_1_154' title='bbox 1102 2496 1142 2561; x_wconf 88' lang='lat' dir='ltr'><strong>ad</strong></span> <span class='ocrx_word' id='word_1_155' title='bbox 1165 2496 1222 2561; x_wconf 89' lang='lat' dir='ltr'><strong>ille</strong></span> 
     </span>
     <span class='ocr_line' id='line_1_21' title="bbox 65 2595 1223 2681; baseline 0.002 -19"><span class='ocrx_word' id='word_1_156' title='bbox 65 2605 174 2679; x_wconf 69' lang='lat' dir='ltr'><strong>”quse</strong></span> <span class='ocrx_word' id='word_1_157' title='bbox 196 2595 232 2661; x_wconf 93' lang='lat' dir='ltr'><strong>in</strong></span> <span class='ocrx_word' id='word_1_158' title='bbox 253 2598 323 2679; x_wconf 87' lang='lat' dir='ltr'><strong>ipse</strong></span> <span class='ocrx_word' id='word_1_159' title='bbox 344 2597 622 2681; x_wconf 87' lang='lat' dir='ltr'><strong>reprehenduntur,</strong></span> <span class='ocrx_word' id='word_1_160' title='bbox 645 2615 706 2661; x_wconf 92' lang='lat' dir='ltr'><strong>non</strong></span> <span class='ocrx_word' id='word_1_161' title='bbox 728 2613 819 2661; x_wconf 90' lang='lat' dir='ltr'><strong>suum</strong></span> <span class='ocrx_word' id='word_1_162' title='bbox 842 2596 950 2675; x_wconf 84' lang='lat' dir='ltr'><strong>saciat,</strong></span> <span class='ocrx_word' id='word_1_163' title='bbox 981 2600 1017 2661; x_wconf 91' lang='lat' dir='ltr'><strong>ut</strong></span> <span class='ocrx_word' id='word_1_164' title='bbox 1039 2595 1223 2679; x_wconf 89' lang='lat' dir='ltr'><strong>simpliciter</strong></span> 
     </span>
     <span class='ocr_line' id='line_1_22' title="bbox 95 2698 1220 2782; baseline 0.004 -18"><span class='ocrx_word' id='word_1_165' title='bbox 95 2704 126 2764; x_wconf 90' lang='lat' dir='ltr'><strong>et</strong></span> <span class='ocrx_word' id='word_1_166' title='bbox 146 2716 227 2782; x_wconf 90' lang='lat' dir='ltr'><strong>pure</strong></span> <span class='ocrx_word' id='word_1_167' title='bbox 246 2698 379 2782; x_wconf 89' lang='lat' dir='ltr'><strong>iudices,</strong></span> <span class='ocrx_word' id='word_1_168' title='bbox 411 2718 468 2765; x_wconf 92' lang='lat' dir='ltr'><strong>nec</strong></span> <span class='ocrx_word' id='word_1_169' title='bbox 494 2700 620 2765; x_wconf 89' lang='lat' dir='ltr'><strong>auribus</strong></span> <span class='ocrx_word' id='word_1_170' title='bbox 648 2698 726 2765; x_wconf 90' lang='lat' dir='ltr'><strong>meis</strong></span> <span class='ocrx_word' id='word_1_171' title='bbox 757 2704 811 2765; x_wconf 85' lang='lat' dir='ltr'><strong>aut</strong></span> <span class='ocrx_word' id='word_1_172' title='bbox 839 2700 941 2765; x_wconf 90' lang='lat' dir='ltr'><strong>sensui</strong></span> <span class='ocrx_word' id='word_1_173' title='bbox 969 2700 1040 2766; x_wconf 83' lang='lat' dir='ltr'><strong>fuco</strong></span> <span class='ocrx_word' id='word_1_174' title='bbox 1070 2704 1220 2769; x_wconf 88' lang='lat' dir='ltr'><strong>mentitae</strong></span> 
     </span>
     <span class='ocr_line' id='line_1_23' title="bbox 93 2801 1220 2889; baseline 0.004 -21"><span class='ocrx_word' id='word_1_175' title='bbox 93 2804 216 2885; x_wconf 66' lang='lat' dir='ltr'><strong>gratim</strong></span> <span class='ocrx_word' id='word_1_176' title='bbox 237 2801 419 2869; x_wconf 85' lang='lat' dir='ltr'><strong>blandiaris.</strong></span> <span class='ocrx_word' id='word_1_177' title='bbox 448 2821 508 2868; x_wconf 90' lang='lat' dir='ltr'><strong>uon</strong></span> <span class='ocrx_word' id='word_1_178' title='bbox 540 2803 711 2879; x_wconf 78' lang='lat' dir='ltr'><strong>erubesces,</strong></span> <span class='ocrx_word' id='word_1_179' title='bbox 734 2802 827 2868; x_wconf 87' lang='lat' dir='ltr'><strong>etism</strong></span> <span class='ocrx_word' id='word_1_180' title='bbox 860 2802 1026 2885; x_wconf 77' lang='lat' dir='ltr'><strong>aliquibus,</strong></span> <span class='ocrx_word' id='word_1_181' title='bbox 1054 2806 1220 2889; x_wconf 85' lang='lat' dir='ltr'><strong>praecipue</strong></span> 
     </span>
     <span class='ocr_line' id='line_1_24' title="bbox 94 2905 1218 2989; baseline 0.004 -21"><span class='ocrx_word' id='word_1_182' title='bbox 94 2908 202 2971; x_wconf 86' lang='lat' dir='ltr'><strong>tamen</strong></span> <span class='ocrx_word' id='word_1_183' title='bbox 224 2906 257 2969; x_wconf 89' lang='lat' dir='ltr'><strong>et</strong></span> <span class='ocrx_word' id='word_1_184' title='bbox 277 2905 392 2970; x_wconf 90' lang='lat' dir='ltr'><strong>merito</strong></span> <span class='ocrx_word' id='word_1_185' title='bbox 421 2906 553 2971; x_wconf 86' lang='lat' dir='ltr'><strong>domnae</strong></span> <span class='ocrx_word' id='word_1_186' title='bbox 580 2905 737 2971; x_wconf 84' lang='lat' dir='ltr'><strong>Barbarae</strong></span> <span class='ocrx_word' id='word_1_187' title='bbox 759 2905 907 2989; x_wconf 83' lang='lat' dir='ltr'><strong>paginam</strong></span> <span class='ocrx_word' id='word_1_188' title='bbox 928 2924 1032 2972; x_wconf 87' lang='lat' dir='ltr'><strong>meam</strong></span> <span class='ocrx_word' id='word_1_189' title='bbox 1053 2926 1218 2987; x_wconf 86' lang='lat' dir='ltr'><strong>recensere,</strong></span> 
     </span>
     <span class='ocr_line' id='line_1_25' title="bbox 94 3008 1219 3090; baseline 0.001 -15"><span class='ocrx_word' id='word_1_190' title='bbox 94 3008 168 3090; x_wconf 87' lang='lat' dir='ltr'><strong>quia</strong></span> <span class='ocrx_word' id='word_1_191' title='bbox 205 3010 313 3075; x_wconf 88' lang='lat' dir='ltr'><strong>tecum</strong></span> <span class='ocrx_word' id='word_1_192' title='bbox 348 3010 476 3075; x_wconf 89' lang='lat' dir='ltr'><strong>locetur.</strong></span> <span class='ocrx_word' id='word_1_193' title='bbox 532 3013 606 3090; x_wconf 89' lang='lat' dir='ltr'><strong>opto</strong></span> <span class='ocrx_word' id='word_1_194' title='bbox 641 3009 747 3074; x_wconf 86' lang='lat' dir='ltr'><strong>tamen</strong></span> <span class='ocrx_word' id='word_1_195' title='bbox 778 3010 815 3074; x_wconf 92' lang='lat' dir='ltr'><strong>ut</strong></span> <span class='ocrx_word' id='word_1_196' title='bbox 846 3010 968 3075; x_wconf 86' lang='lat' dir='ltr'><strong>tantum</strong></span> <span class='ocrx_word' id='word_1_197' title='bbox 1002 3010 1118 3076; x_wconf 82' lang='lat' dir='ltr'><strong>tabella</strong></span> <span class='ocrx_word' id='word_1_198' title='bbox 1150 3030 1219 3077; x_wconf 88' lang='lat' dir='ltr'><strong>mea</strong></span> 
     </span>
     <span class='ocr_line' id='line_1_26' title="bbox 64 3112 1219 3198; baseline 0.003 -21"><span class='ocrx_word' id='word_1_199' title='bbox 64 3115 246 3193; x_wconf 80' lang='lat' dir='ltr'><strong>¹⁵qunnturn</strong></span> <span class='ocrx_word' id='word_1_200' title='bbox 274 3131 346 3194; x_wconf 88' lang='lat' dir='ltr'><strong>spes</strong></span> <span class='ocrx_word' id='word_1_201' title='bbox 368 3116 424 3178; x_wconf 85' lang='lat' dir='ltr'><strong>tua</strong></span> <span class='ocrx_word' id='word_1_202' title='bbox 445 3112 564 3195; x_wconf 87' lang='lat' dir='ltr'><strong>sepiat,</strong></span> <span class='ocrx_word' id='word_1_203' title='bbox 599 3130 677 3195; x_wconf 86' lang='lat' dir='ltr'><strong>quae</strong></span> <span class='ocrx_word' id='word_1_204' title='bbox 704 3112 738 3177; x_wconf 93' lang='lat' dir='ltr'><strong>in</strong></span> <span class='ocrx_word' id='word_1_205' title='bbox 767 3130 844 3178; x_wconf 87' lang='lat' dir='ltr'><strong>cano</strong></span> <span class='ocrx_word' id='word_1_206' title='bbox 865 3113 938 3179; x_wconf 89' lang='lat' dir='ltr'><strong>flore</strong></span> <span class='ocrx_word' id='word_1_207' title='bbox 968 3116 998 3177; x_wconf 87' lang='lat' dir='ltr'><strong>et</strong></span> <span class='ocrx_word' id='word_1_208' title='bbox 1020 3132 1090 3179; x_wconf 86' lang='lat' dir='ltr'><strong>mee</strong></span> <span class='ocrx_word' id='word_1_209' title='bbox 1112 3116 1144 3179; x_wconf 90' lang='lat' dir='ltr'><strong>et</strong></span> <span class='ocrx_word' id='word_1_210' title='bbox 1164 3133 1219 3198; x_wconf 90' lang='lat' dir='ltr'><strong>pe-</strong></span> 
     </span>
     <span class='ocr_line' id='line_1_27' title="bbox 93 3214 1218 3300; baseline 0.005 -22"><span class='ocrx_word' id='word_1_211' title='bbox 93 3215 218 3280; x_wconf 89' lang='lat' dir='ltr'><strong>rentum</strong></span> <span class='ocrx_word' id='word_1_212' title='bbox 255 3234 399 3292; x_wconf 91' lang='lat' dir='ltr'><strong>suorum,</strong></span> <span class='ocrx_word' id='word_1_213' title='bbox 444 3214 587 3297; x_wconf 87' lang='lat' dir='ltr'><strong>quamuis</strong></span> <span class='ocrx_word' id='word_1_214' title='bbox 623 3216 687 3280; x_wconf 90' lang='lat' dir='ltr'><strong>sint</strong></span> <span class='ocrx_word' id='word_1_215' title='bbox 723 3235 832 3295; x_wconf 74' lang='lat' dir='ltr'><strong>auam,</strong></span> <span class='ocrx_word' id='word_1_216' title='bbox 871 3220 944 3281; x_wconf 88' lang='lat' dir='ltr'><strong>uota</strong></span> <span class='ocrx_word' id='word_1_217' title='bbox 980 3216 1218 3300; x_wconf 78' lang='lat' dir='ltr'><strong>transgreditur.</strong></span> 
     </span>
     <span class='ocr_line' id='line_1_28' title="bbox 94 3316 1219 3405; baseline 0.005 -25"><span class='ocrx_word' id='word_1_218' title='bbox 94 3316 243 3383; x_wconf 92' lang='lat' dir='ltr'><strong>domnum</strong></span> <span class='ocrx_word' id='word_1_219' title='bbox 275 3316 447 3401; x_wconf 80' lang='lat' dir='ltr'><strong>Cethegum</strong></span> <span class='ocrx_word' id='word_1_220' title='bbox 480 3320 511 3383; x_wconf 92' lang='lat' dir='ltr'><strong>et</strong></span> <span class='ocrx_word' id='word_1_221' title='bbox 534 3320 680 3383; x_wconf 89' lang='lat' dir='ltr'><strong>domnam</strong></span> <span class='ocrx_word' id='word_1_222' title='bbox 708 3319 872 3383; x_wconf 87' lang='lat' dir='ltr'><strong>Blesillam</strong></span> <span class='ocrx_word' id='word_1_223' title='bbox 899 3336 1038 3384; x_wconf 88' lang='lat' dir='ltr'><strong>sororem</strong></span> <span class='ocrx_word' id='word_1_224' title='bbox 1067 3319 1132 3385; x_wconf 89' lang='lat' dir='ltr'><strong>eius</strong></span> <span class='ocrx_word' id='word_1_225' title='bbox 1163 3339 1219 3405; x_wconf 92' lang='lat' dir='ltr'><strong>pro</strong></span> 
     </span>
     <span class='ocr_line' id='line_1_29' title="bbox 94 3420 1218 3507; baseline 0.004 -24"><span class='ocrx_word' id='word_1_226' title='bbox 94 3438 144 3484; x_wconf 88' lang='lat' dir='ltr'><strong>me</strong></span> <span class='ocrx_word' id='word_1_227' title='bbox 164 3421 278 3487; x_wconf 84' lang='lat' dir='ltr'><strong>saluta</strong></span> <span class='ocrx_word' id='word_1_228' title='bbox 301 3421 451 3501; x_wconf 76' lang='lat' dir='ltr'><strong>Fidelem,</strong></span> <span class='ocrx_word' id='word_1_229' title='bbox 474 3420 669 3500; x_wconf 85' lang='lat' dir='ltr'><strong>Marcellum,</strong></span> <span class='ocrx_word' id='word_1_230' title='bbox 697 3420 876 3507; x_wconf 82' lang='lat' dir='ltr'><strong>Georgium,</strong></span> <span class='ocrx_word' id='word_1_231' title='bbox 906 3421 1068 3505; x_wconf 86' lang='lat' dir='ltr'><strong>Solatium,</strong></span> <span class='ocrx_word' id='word_1_232' title='bbox 1092 3420 1218 3506; x_wconf 81' lang='lat' dir='ltr'><strong>Simpli-</strong></span> 
     </span>
    </p>
   </div>
   <div class='ocr_carea' id='block_1_4' title="bbox 91 3639 1219 4386">
    <p class='ocr_par' dir='ltr' id='par_1_4' title="bbox 91 3639 1219 4386">
     <span class='ocr_line' id='line_1_30' title="bbox 145 3639 1216 3712; baseline 0.004 -18"><span class='ocrx_word' id='word_1_233' title='bbox 145 3639 289 3696; x_wconf 79' lang='lat' dir='ltr'><strong>mnis</strong></span> <span class='ocrx_word' id='word_1_234' title='bbox 326 3641 499 3697; x_wconf 79' lang='lat' dir='ltr'><strong>bsubtrsere</strong></span> <span class='ocrx_word' id='word_1_235' title='bbox 517 3643 555 3698; x_wconf 80' lang='grc' dir='ltr'><strong>Β1</strong></span> <span class='ocrx_word' id='word_1_236' title='bbox 645 3644 731 3712; x_wconf 88' lang='lat' dir='ltr'><strong>8que</strong></span> <span class='ocrx_word' id='word_1_237' title='bbox 748 3642 776 3697; x_wconf 99' lang='grc' dir='ltr'><strong><em>Β</em></strong></span> <span class='ocrx_word' id='word_1_238' title='bbox 862 3644 982 3712; x_wconf 84' lang='lat' dir='ltr'><strong>prelatus</strong></span> <span class='ocrx_word' id='word_1_239' title='bbox 999 3645 1039 3699; x_wconf 81' lang='grc' dir='ltr'><strong>Β1</strong></span> <span class='ocrx_word' id='word_1_240' title='bbox 1131 3644 1216 3699; x_wconf 82' lang='lat' dir='ltr'><strong>9eri·</strong></span> 
     </span>
     <span class='ocr_line' id='line_1_31' title="bbox 92 3724 1218 3799; baseline 0.004 -21"><span class='ocrx_word' id='word_1_241' title='bbox 92 3724 154 3778; x_wconf 85' lang='lat' dir='ltr'><strong>huit</strong></span> <span class='ocrx_word' id='word_1_242' title='bbox 175 3726 202 3780; x_wconf 92' lang='grc' dir='ltr'><strong><em>Β</em></strong></span> <span class='ocrx_word' id='word_1_243' title='bbox 306 3728 340 3783; x_wconf 94' lang='grc'><strong>12</strong></span> <span class='ocrx_word' id='word_1_244' title='bbox 361 3729 457 3784; x_wconf 87' lang='lat' dir='ltr'><strong>domne</strong></span> <span class='ocrx_word' id='word_1_245' title='bbox 479 3730 525 3797; x_wconf 79' lang='lat'><strong>13¹,</strong></span> <span class='ocrx_word' id='word_1_246' title='bbox 553 3730 675 3785; x_wconf 85' lang='lat' dir='ltr'><strong>dominae</strong></span> <span class='ocrx_word' id='word_1_247' title='bbox 697 3730 726 3783; x_wconf 91' lang='grc' dir='ltr'><strong><em>Β</em></strong></span> <span class='ocrx_word' id='word_1_248' title='bbox 747 3734 778 3797; x_wconf 84' lang='lat' dir='ltr'><strong>(e.</strong></span> <span class='ocrx_word' id='word_1_249' title='bbox 797 3732 815 3785; x_wconf 87' lang='lat' dir='ltr'><strong>l.</strong></span> <span class='ocrx_word' id='word_1_250' title='bbox 835 3746 868 3784; x_wconf 78' lang='lat' dir='ltr'><strong>su.</strong></span> <span class='ocrx_word' id='word_1_251' title='bbox 887 3730 992 3798; x_wconf 58' lang='lat' dir='ltr'><strong>routh</strong></span> <span class='ocrx_word' id='word_1_252' title='bbox 1094 3729 1218 3799; x_wconf 75' lang='lat' dir='ltr'><strong>cynigiae</strong></span> 
     </span>
     <span class='ocr_line' id='line_1_32' title="bbox 92 3811 1219 3886; baseline 0.004 -23"><span class='ocrx_word' id='word_1_253' title='bbox 92 3811 120 3863; x_wconf 97' lang='grc' dir='ltr'><strong><em>Β</em></strong></span> <span class='ocrx_word' id='word_1_254' title='bbox 138 3811 178 3881; x_wconf 78' lang='lat' dir='ltr'><strong>(gi</strong></span> <span class='ocrx_word' id='word_1_255' title='bbox 195 3828 216 3867; x_wconf 91' lang='lat' dir='ltr'><strong>s.</strong></span> <span class='ocrx_word' id='word_1_256' title='bbox 234 3812 264 3881; x_wconf 85' lang='lat' dir='ltr'><strong>l.)</strong></span> <span class='ocrx_word' id='word_1_257' title='bbox 287 3814 303 3867; x_wconf 90' lang='lat' dir='ltr'><strong>b</strong></span> <span class='ocrx_word' id='word_1_258' title='bbox 405 3816 440 3870; x_wconf 80' lang='lat'><strong>13</strong></span> <span class='ocrx_word' id='word_1_259' title='bbox 456 3815 626 3885; x_wconf 86' lang='lat' dir='ltr'><strong>sepulchrum</strong></span> <span class='ocrx_word' id='word_1_260' title='bbox 645 3817 672 3869; x_wconf 91' lang='grc' dir='ltr'><strong><em>Β</em></strong></span> <span class='ocrx_word' id='word_1_261' title='bbox 776 3817 810 3870; x_wconf 81' lang='grc'><strong>14</strong></span> <span class='ocrx_word' id='word_1_262' title='bbox 831 3816 942 3870; x_wconf 82' lang='lat' dir='ltr'><strong>lacerem</strong></span> <span class='ocrx_word' id='word_1_263' title='bbox 965 3814 991 3870; x_wconf 92' lang='grc' dir='ltr'><strong><em>Β</em></strong></span> <span class='ocrx_word' id='word_1_264' title='bbox 1095 3816 1127 3870; x_wconf 79' lang='lat' dir='ltr'><strong>lb</strong></span> <span class='ocrx_word' id='word_1_265' title='bbox 1150 3830 1169 3886; x_wconf 68' lang='lat' dir='ltr'><strong>p</strong></span> <span class='ocrx_word' id='word_1_266' title='bbox 1191 3816 1219 3868; x_wconf 97' lang='grc' dir='ltr'><strong><em>Β</em></strong></span> 
     </span>
     <span class='ocr_line' id='line_1_33' title="bbox 91 3898 1217 3970; baseline 0.002 -19"><span class='ocrx_word' id='word_1_267' title='bbox 91 3898 149 3951; x_wconf 71' lang='lat' dir='ltr'><strong>sd</strong></span> <span class='ocrx_word' id='word_1_268' title='bbox 267 3900 327 3955; x_wconf 84' lang='lat' dir='ltr'><strong>luce</strong></span> <span class='ocrx_word' id='word_1_269' title='bbox 353 3906 452 3970; x_wconf 81' lang='lat' dir='ltr'><strong>(supro</strong></span> <span class='ocrx_word' id='word_1_270' title='bbox 468 3918 483 3955; x_wconf 92' lang='lat' dir='ltr'><strong>e</strong></span> <span class='ocrx_word' id='word_1_271' title='bbox 498 3904 565 3969; x_wconf 84' lang='lat' dir='ltr'><strong>rus.)</strong></span> <span class='ocrx_word' id='word_1_272' title='bbox 592 3902 620 3957; x_wconf 92' lang='grc' dir='ltr'><strong><em>Β</em></strong></span> <span class='ocrx_word' id='word_1_273' title='bbox 739 3900 941 3957; x_wconf 84' lang='lat' dir='ltr'><strong>caelebrandum</strong></span> <span class='ocrx_word' id='word_1_274' title='bbox 969 3901 997 3956; x_wconf 99' lang='grc' dir='ltr'><strong><em>Β</em></strong></span> <span class='ocrx_word' id='word_1_275' title='bbox 1118 3900 1150 3954; x_wconf 83' lang='grc'><strong>17</strong></span> <span class='ocrx_word' id='word_1_276' title='bbox 1178 3915 1217 3953; x_wconf 88' lang='lat' dir='ltr'><strong>re·</strong></span> 
     </span>
     <span class='ocr_line' id='line_1_34' title="bbox 91 3984 1217 4055; baseline 0.001 -17"><span class='ocrx_word' id='word_1_277' title='bbox 91 3985 181 4050; x_wconf 78' lang='lat' dir='ltr'><strong>quiret</strong></span> <span class='ocrx_word' id='word_1_278' title='bbox 197 3984 227 4039; x_wconf 92' lang='grc' dir='ltr'><strong><em>Β</em></strong></span> <span class='ocrx_word' id='word_1_279' title='bbox 322 3986 355 4041; x_wconf 90' lang='grc'><strong>18</strong></span> <span class='ocrx_word' id='word_1_280' title='bbox 372 3987 510 4055; x_wconf 78' lang='lat' dir='ltr'><strong>epitafium</strong></span> <span class='ocrx_word' id='word_1_281' title='bbox 527 3988 555 4041; x_wconf 92' lang='grc' dir='ltr'><strong><em>Β</em></strong></span> <span class='ocrx_word' id='word_1_282' title='bbox 650 3986 781 4043; x_wconf 87' lang='lat' dir='ltr'><strong>distiusui</strong></span> <span class='ocrx_word' id='word_1_283' title='bbox 800 3984 827 4041; x_wconf 91' lang='grc' dir='ltr'><strong><em>Β</em></strong></span> <span class='ocrx_word' id='word_1_284' title='bbox 920 3986 955 4041; x_wconf 87' lang='grc'><strong>20</strong></span> <span class='ocrx_word' id='word_1_285' title='bbox 972 3984 1217 4055; x_wconf 78' lang='lat' dir='ltr'><strong>repraehendentur</strong></span> 
     </span>
     <span class='ocr_line' id='line_1_35' title="bbox 91 4067 1150 4141; baseline 0.005 -19"><span class='ocrx_word' id='word_1_286' title='bbox 91 4067 117 4122; x_wconf 92' lang='grc' dir='ltr'><strong><em>Β</em></strong></span> <span class='ocrx_word' id='word_1_287' title='bbox 207 4072 242 4126; x_wconf 92' lang='grc'><strong>22</strong></span> <span class='ocrx_word' id='word_1_288' title='bbox 258 4071 408 4127; x_wconf 75' lang='lat' dir='ltr'><strong>blandiores</strong></span> <span class='ocrx_word' id='word_1_289' title='bbox 426 4073 455 4127; x_wconf 92' lang='grc' dir='ltr'><strong><em>Β</em></strong></span> <span class='ocrx_word' id='word_1_290' title='bbox 539 4072 621 4128; x_wconf 81' lang='lat' dir='ltr'><strong>etism</strong></span> <span class='ocrx_word' id='word_1_291' title='bbox 639 4073 673 4138; x_wconf 91' lang='grc' dir='ltr'><strong><em>Β,</em></strong></span> <span class='ocrx_word' id='word_1_292' title='bbox 700 4077 727 4128; x_wconf 91' lang='lat' dir='ltr'><strong>et</strong></span> <span class='ocrx_word' id='word_1_293' title='bbox 747 4072 864 4127; x_wconf 87' lang='lat' dir='ltr'><strong>etiamb</strong></span> <span class='ocrx_word' id='word_1_294' title='bbox 949 4072 1104 4141; x_wconf 84' lang='lat' dir='ltr'><strong>praecipuae</strong></span> <span class='ocrx_word' id='word_1_295' title='bbox 1121 4071 1150 4127; x_wconf 91' lang='grc' dir='ltr'><strong><em>Β</em></strong></span> 
     </span>
     <span class='ocr_line' id='line_1_36' title="bbox 91 4154 1217 4227; baseline 0.003 -17"><span class='ocrx_word' id='word_1_296' title='bbox 91 4154 377 4227; x_wconf 78' lang='lat' dir='ltr'><strong>23tamen1don1iuae</strong></span> <span class='ocrx_word' id='word_1_297' title='bbox 390 4158 456 4213; x_wconf 82' lang='lat' dir='ltr'><strong>odd.</strong></span> <span class='ocrx_word' id='word_1_298' title='bbox 469 4159 532 4225; x_wconf 69' lang='lat' dir='ltr'><strong>Bb,</strong></span> <span class='ocrx_word' id='word_1_299' title='bbox 550 4158 640 4214; x_wconf 61' lang='grc' dir='ltr'><strong>Μαί</strong></span> <span class='ocrx_word' id='word_1_300' title='bbox 736 4156 890 4211; x_wconf 82' lang='lat' dir='ltr'><strong>barbsreB</strong></span> <span class='ocrx_word' id='word_1_301' title='bbox 986 4156 1020 4211; x_wconf 85' lang='grc'><strong>26</strong></span> <span class='ocrx_word' id='word_1_302' title='bbox 1036 4158 1217 4222; x_wconf 74' lang='lat' dir='ltr'><strong>etuotst5</strong></span> 
     </span>
     <span class='ocr_line' id='line_1_37' title="bbox 92 4240 1147 4314; baseline 0.004 -22"><span class='ocrx_word' id='word_1_303' title='bbox 92 4243 121 4293; x_wconf 87' lang='lat' dir='ltr'><strong>et</strong></span> <span class='ocrx_word' id='word_1_304' title='bbox 138 4240 227 4297; x_wconf 63' lang='lat' dir='ltr'><strong>&amp;las</strong></span> <span class='ocrx_word' id='word_1_305' title='bbox 329 4243 363 4297; x_wconf 72' lang='grc'><strong>27</strong></span> <span class='ocrx_word' id='word_1_306' title='bbox 387 4244 561 4299; x_wconf 90' lang='lat' dir='ltr'><strong>domiuumb</strong></span> <span class='ocrx_word' id='word_1_307' title='bbox 662 4246 807 4314; x_wconf 75' lang='lat' dir='ltr'><strong>oythegnm</strong></span> <span class='ocrx_word' id='word_1_308' title='bbox 826 4243 875 4297; x_wconf 88' lang='lat' dir='ltr'><strong>Bb</strong></span> <span class='ocrx_word' id='word_1_309' title='bbox 978 4242 1147 4297; x_wconf 88' lang='lat' dir='ltr'><strong>dominamb</strong></span> 
     </span>
     <span class='ocr_line' id='line_1_38' title="bbox 91 4323 771 4386; baseline 0.01 -8"><span class='ocrx_word' id='word_1_310' title='bbox 91 4323 238 4381; x_wconf 72' lang='lat' dir='ltr'><strong>bleoefflsm</strong></span> <span class='ocrx_word' id='word_1_311' title='bbox 255 4327 305 4383; x_wconf 87' lang='lat' dir='ltr'><strong>Bt</strong></span> <span class='ocrx_word' id='word_1_312' title='bbox 407 4330 442 4385; x_wconf 86' lang='grc'><strong>28</strong></span> <span class='ocrx_word' id='word_1_313' title='bbox 458 4330 566 4384; x_wconf 84' lang='lat' dir='ltr'><strong>fidelem</strong></span> <span class='ocrx_word' id='word_1_314' title='bbox 583 4330 737 4386; x_wconf 80' lang='lat' dir='ltr'><strong>Marcellum</strong></span> <span class='ocrx_word' id='word_1_315' title='bbox 755 4331 771 4385; x_wconf 85' lang='lat' dir='ltr'><strong>b</strong></span> 
     </span>
    </p>
   </div>
   <div class='ocr_carea' id='block_1_5' title="bbox 1060 4432 1113 4486">
    <p class='ocr_par' dir='ltr' id='par_1_5' title="bbox 1060 4432 1113 4486">
     <span class='ocr_line' id='line_1_39' title="bbox 1060 4432 1113 4486; baseline 0 0"><span class='ocrx_word' id='word_1_316' title='bbox 1060 4432 1113 4486; x_wconf 80' lang='lat'><strong>13*</strong></span> 
     </span>
    </p>
   </div>
   <div class='ocr_carea' id='block_1_6' title="bbox 0 0 1472 4934">
    <p class='ocr_par' dir='ltr' id='par_1_6' title="bbox 0 0 1472 4934">
     <span class='ocr_line' id='line_1_40' title="bbox 0 0 1472 4934; baseline 0 3"><span class='ocrx_word' id='word_1_317' title='bbox 0 0 1472 4934; x_wconf 95' lang='lat' dir='ltr'><strong> </strong></span> 
     </span>
    </p>
   </div>
  </div>
 </body>
</html>
