2934 4934
272 394 315 459 ’14
625 391 745 460 {agni
763 390 890 447 Felicis
907 390 1037 445 Euuodi

273 586 368 652 ritate
389 585 519 651 nuntius
541 603 592 649 me
614 583 737 649 uesmee
759 581 947 649 ualitudinis·
965 582 998 647 et
1015 583 1229 666 prosperitatis
1252 581 1395 649 adtollat

271 688 469 755 domimum
500 691 609 753 tamen
633 703 689 769 pro
713 686 778 751 mei
804 683 1047 751 consideratione
1076 685 1257 769 magnitudo
1291 690 1397 751 uestre

272 791 405 874 gemino,
428 789 456 857 si
477 790 626 871 indignus
646 792 789 871 precator
811 806 873 854 non
895 807 975 866 eum,
999 788 1104 854 luuore
1126 790 1303 855 comitetur.

793 976 872 1043 1111.

554 1108 740 1167 cadomus
761 1110 895 1166 ABBA‘I‘I
915 1110 1111 1167 STEPHANO.
1419 1120 1430 1158 r

313 1236 506 1302 Litterarum
528 1240 706 1301 uestrarum
728 1254 824 1317 quam
845 1234 934 1300 dulce
955 1234 1115 1318 negotium
1138 1237 1194 1310 est,
1219 1232 1300 1315 quod
1316 1232 1397 1298 milri

272 1337 414 1423 spiritale
435 1357 548 1404 munus
571 1336 726 1402 exhibuit!
749 1355 845 1419 quam
867 1336 974 1402 uotiua
995 1335 1185 1419 perlatorum
1213 1338 1396 1418 necessitas,

271 1458 350 1523 quae
373 1438 500 1504 remedii
528 1440 577 1505 sui
600 1438 702 1505 studio
724 1438 885 1505 desideriis
908 1440 1050 1505 medetur
1077 1437 1204 1502 alienis!
1238 1436 1397 1515 confiteor,

270 1542 332 1607 nisi
360 1542 546 1626 repugnaret
567 1541 741 1626 proposito,
775 1540 903 1608 inimica
935 1559 1012 1624 pene
1047 1538 1085 1604 cd
1117 1540 1306 1606 turbandam
1339 1540 1397 1605 ali·

271 1632 404 1727 quorum
432 1645 631 1709 securitatem
658 1648 734 1709 uota
757 1646 957 1726 conciperem.
992 1658 1062 1708 ecce
1082 1645 1242 1725 praestent
1264 1646 1399 1709 aduersa
1407 1657 1430 1695 ¹⁰

271 1747 352 1829 quod
386 1746 521 1812 secunda
553 1765 614 1812 non
644 1746 798 1811 tribuunt.
850 1751 1025 1813 sauctorum
1059 1745 1181 1810 litteras
1213 1746 1396 1830 tranquillis

269 1850 364 1914 rebus
391 1850 473 1914 unde
506 1852 649 1931 peccator
680 1849 864 1931 acciperem,
900 1866 976 1931 ques
1009 1864 1179 1929 numquam
1213 1849 1398 1914 meritorum

270 1970 410 2018 meorum
432 1953 515 2017 nitor
537 1951 664 2035 exegit?
692 1969 761 2015 ecce
784 1956 935 2033 quantum
964 1950 1043 2017 mihi
1065 1951 1262 2017 coutulerunt
1283 1951 1399 2017 suffra·

269 2055 358 2140 gium
385 2056 438 2137 qui
461 2073 480 2120 a
501 2053 588 2120 uobis
619 2051 791 2120 obtinuisse
818 2072 851 2119 se
873 2054 1067 2121 confitentur.
1105 2053 1243 2119 diuinam
1265 2054 1399 2119 aestimo

269 2157 496 2239 prouidentiam
517 2156 580 2222 ista
601 2156 748 2221 tribuere.
780 2157 918 2223 multum
939 2158 1003 2221 ium
1025 2158 1113 2222 credo
1135 2157 1215 2237 quod
1230 2158 1268 2221 de
1292 2158 1430 2223 mdccc

271 2259 512 2325 conuersationis
549 2258 632 2323 fasce
665 2259 800 2341 deposui.
837 2260 996 2342 proximus
1030 2264 1078 2325 est
1113 2262 1311 2326 innocentiae
1344 2261 1399 2344 qui

268 2365 450 2429 sanctorum
470 2363 607 2427 merctur
629 2360 777 2443 alloquia.
800 2379 894 2443 quare
910 2361 983 2428 dum
1003 2381 1053 2427 me
1075 2363 1241 2429 saecularis
1263 2362 1400 2429 licentia

269 2464 417 2533 inmunda
430 2465 581 2550 possedit,
601 2483 772 2547 numquam
793 2466 874 2530 tanti
889 2464 950 2529 uiri
965 2464 1069 2549 apices
1084 2465 1194 2549 merui,
1208 2468 1280 2548 post
1296 2466 1397 2533 etiam

269 2585 324 2651 per
346 2569 439 2653 longa
459 2568 630 2633 interualla
650 2586 821 2651 numquam
843 2567 1020 2634 huiusmodi
1041 2567 1124 2632 bona
1144 2568 1277 2653 suscepi.
1319 2572 1399 2635 deus
1452 2644 1453 2647 Ἴ

269 2688 391 2754 magne,
415 2688 507 2753 quam
523 2670 710 2755 dignitatem
731 2670 938 2735 seruientibus
961 2670 1020 2735 tibi
1041 2669 1164 2749 tribuis,
1187 2672 1223 2734 ut
1246 2689 1323 2753 quos
1347 2688 1432 2737 re-ro

270 2773 389 2857 spicere
403 2772 542 2855 coeperis
558 2773 654 2838 etium
669 2774 778 2839 amicis
800 2772 863 2838 tuis
879 2772 990 2839 reddes
1004 2776 1158 2857 acceptos!
1184 2792 1256 2840 ucre
1272 2795 1399 2861 semper

268 2892 323 2941 uos
345 2876 496 2957 singulari
518 2876 641 2941 cultura
663 2876 796 2958 suspexi,
819 2894 941 2959 semper
964 2876 1148 2943 uenerandis
1163 2879 1306 2944 moribus
1322 2897 1399 2961 gra·

323 3143 340 3197 3
357 3146 478 3212 precetur
497 3144 538 3213 (ca
554 3144 587 3198 ire
605 3145 671 3211 rus.)
696 3144 722 3197 V
821 3146 913 3201 faborc
932 3148 959 3201 Β

321 3246 388 3303 1111.
423 3247 440 3301 5
464 3246 655 3304 ennodius—l.
669 3253 702 3303 16
720 3248 856 3317 proximus
874 3255 916 3305 est
933 3250 972 3305 bis
991 3250 1052 3306 cut.
1072 3251 1108 3317 Β,
1122 3254 1219 3320 priore
1231 3260 1399 3329 upcpraplrc

268 3338 406 3402 expuncto
417 3332 480 3400 sotii
492 3336 536 3388 55*
548 3334 621 3403 quod
631 3334 745 3389 relicum
756 3340 815 3389 crat
827 3341 852 3389 et
864 3340 947 3390 mrum
958 3334 1056 3401 fotium
1067 3340 1113 3391 56²
1125 3355 1245 3393 modurn
1307 3357 1395 3397 cuno·

268 3418 330 3473 dius
356 3434 407 3474 om.
432 3418 456 3473 Τ
574 3418 677 3473 etcfarm
704 3418 776 3475 ΒΨ
895 3420 909 3474 1
932 3437 1024 3476 munos
1048 3421 1076 3476 Β
1094 3425 1197 3494 (opopr.
1214 3430 1230 3479 1
1250 3432 1275 3480 et
1293 3430 1324 3494 2)

267 3503 370 3559 exibuit
397 3504 426 3559 Β
451 3507 558 3575 (apopr.
577 3508 604 3572 1)
630 3505 670 3559 Β*
800 3508 817 3560 8
843 3506 943 3576 studio]
971 3507 1082 3562 stimulo
1111 3508 1138 3563 Β
1164 3512 1270 3581 (cpopr.
1294 3516 1325 3581 2)

267 3590 398 3645 desiderio
419 3590 454 3646 Γ
570 3591 686 3660 9penae
703 3589 731 3645 Β
749 3594 851 3663 (apopr.
870 3596 886 3645 1
903 3598 929 3647 et
947 3596 978 3659 Β)
1091 3594 1219 3649 elicorum
1238 3596 1266 3649 Β
1283 3599 1399 3671 (epops.

267 3678 292 3742 1)
414 3676 448 3731 10
478 3691 645 3744 concepcrem
673 3677 700 3731 B
727 3677 830 3749 (epops.
854 3682 895 3744 1),
925 3679 1086 3748 conceperim
1112 3680 1140 3734 Β
1166 3681 1269 3752 (cpopr.
1292 3684 1325 3753 2)

268 3811 321 3864 qua
337 3811 396 3850 cuce
416 3797 441 3851 T
464 3770 518 3865 qua
536 3812 598 3866 exp.
724 3800 848 3866 prestant
864 3799 892 3853 Β
911 3801 1012 3871 (epops.
1032 3804 1048 3853 1
1065 3806 1090 3855 ct
1104 3803 1134 3870 2)
1253 3804 1284 3857 il
1303 3804 1402 3861 tribu-

266 3884 333 3936 eunt
350 3890 380 3951 (u
397 3886 478 3953 cros)
496 3883 523 3938 L
636 3884 668 3938 12
690 3886 857 3953 pcccatorum
879 3886 913 3942 T¹
1017 3902 1163 3956 acceperem
1181 3887 1208 3941 Β
1228 3894 1339 3959 (upopr.
1362 3896 1402 3959 1),

266 3968 412 4039 acceperim
425 3967 453 4022 Β
466 3971 570 4039 (apupr.
582 3973 613 4037 2)
707 3986 786 4040 qnam
799 3972 827 4026 L
915 3972 1130 4028 reponeremus
1143 3972 1170 4027 Β
1182 3980 1325 4045 (apopr.1)

266 4054 332 4123 quia
352 4054 424 4109 Tin
441 4070 495 4109 rue.
513 4058 587 4109 Μ
708 4056 741 4110 lu
763 4056 826 4126 ista]
851 4058 899 4111 illa
917 4057 1002 4113 Sim.
1115 4058 1185 4112 male
1201 4058 1230 4112 Β
1247 4062 1363 4131 (cpcpr.
1387 4070 1400 4118 1

265 4146 293 4194 ct
309 4142 340 4207 2)
358 4140 441 4195 ΒΝ
551 4142 584 4194 11
602 4141 738 4210 colloquia
756 4141 837 4197 Sirra.
940 4144 1065 4199 secularis
1082 4144 1108 4199 B
1212 4146 1245 4200 19
1269 4148 1328 4217 per]
1349 4151 1401 4219 qui

265 4224 294 4279 L
378 4226 478 4295 suscipi
495 4226 523 4281 Β
610 4227 645 4281 10
662 4226 851 4297 seruientibus]
870 4228 1039 4284 credentibus
1060 4232 1085 4285 Τ
1167 4231 1200 4285 21
1219 4233 1321 4301 ceperis
1341 4236 1402 4291 BL

269 4310 322 4365 TV
424 4314 548 4380 succeptus
566 4313 594 4365 Β
