2934 4934
233 387 297 454 282
575 385 707 456 ›Magni
725 383 851 440 Felicis
869 385 1004 440 lluuodi

234 577 454 644 sollicitudinis
482 575 586 662 iungit
613 577 746 655 affectio,
774 575 803 642 si
830 579 875 644 eit
896 595 972 642 cura
993 578 1154 644 sermonis.
1198 575 1364 642 silentium

234 683 340 747 tamen
363 684 503 746 uestrum
524 679 620 747 nimie
644 681 799 759 admiror,
831 682 915 764 quod
943 683 1016 763 poet
1043 679 1200 765 depositae
1222 679 1363 746 sarcinas

236 783 442 869 aegritudinis
457 784 546 853 nulla
560 801 611 853 me
624 784 823 853 adlocutione
833 783 1037 855 subteractis.
1051 783 1109 852 sed
1119 784 1195 867 quia
1206 782 1363 866 loquendo

234 891 405 972 opportune
417 886 569 972 cogimus,
586 891 623 954 ut
636 889 785 972 loquaris,
800 889 852 955 uel
861 887 993 972 garruli,
1008 887 1186 957 imitatione
1199 885 1363 969 responde.

233 991 312 1058 bene
341 991 426 1060 enim
453 1010 503 1057 res
530 990 677 1060 desiderii
705 993 746 1065 st.
766 992 904 1075 poscitur
939 990 1174 1074 etiupetratur
1202 987 1362 1070 exemplis
1385 1009 1402 1048 a

235 1111 308 1180 ergo
329 1094 476 1168 honorem
509 1092 708 1163 salutationis
739 1093 911 1180 inpendens
938 1092 1043 1160 indico
1069 1112 1121 1159 me
1147 1092 1205 1157 deo
1227 1089 1364 1174 propitio

232 1199 297 1265 iam
320 1198 440 1277 ualere,
474 1197 665 1280 subplicant,
700 1201 737 1264 ut
764 1196 885 1265 uicaria
912 1196 992 1263 milri
1022 1195 1089 1263 stili
1110 1195 1363 1279 promulgatione

232 1301 409 1370 benedicas.
478 1359 481 1369 ,

770 1437 825 1502 vl.

627 1572 746 1629 ΒΒΔΤΟ
770 1570 963 1630 ENNODIVS.
1375 1583 1403 1624 uo

277 1697 311 1762 Si
350 1695 533 1780 proferenda
567 1698 761 1780 temporibus
794 1699 832 1765 de
866 1696 1052 1763 eruditionis
1086 1713 1188 1765 messe
1225 1693 1360 1778 pectoris

235 1798 344 1867 horreo
373 1798 580 1880 condidisses,
609 1799 731 1866 ieiunae
769 1802 809 1866 ab
844 1799 987 1884 epistolis
1020 1799 1084 1864 tuis
1118 1797 1365 1864 commeantium

236 1904 380 1970 dexterae
401 1921 464 1970 nou
486 1902 640 1970 ueumeut
678 1903 733 1969 sed
756 1903 831 1986 quia
853 1904 1084 1988 neglegentiam
1107 1901 1140 1968 et
1162 1900 1363 1968 sterilitatem

234 2009 322 2072 tuam
343 2008 493 2072 sermonis
516 2007 619 2088 prodit
641 2007 850 2084 abstinentia,
878 2024 933 2071 uos
956 2023 1081 2072 necesse
1110 2007 1159 2070 est
1182 2004 1298 2070 iterum
1321 2003 1366 2068 ad

232 2110 387 2174 culturam
420 2109 642 2175 admonitionis
676 2112 845 2193 adsurgere
879 2109 911 2173 et
944 2111 1035 2194 terga
1067 2107 1157 2174 iactis
1191 2105 1402 2172 infecundas

232 2212 405 2279 seminibus
439 2211 587 2280 recidiuis
615 2211 655 2278 ad
683 2212 859 2278 ubertatem
892 2211 988 2278 sulcis
1021 2230 1161 2295 urguere.
1205 2209 1258 2276 ubi
1287 2213 1367 2274 suut

231 2319 349 2382 monita
378 2333 457 2398 quae
491 2313 575 2401 apud
602 2316 634 2380 te
663 2315 828 2382 adserebas
856 2335 924 2382 esse
952 2316 1098 2380 uictura?
1143 2311 1197 2378 ubi
1219 2311 1367 2378 studium

232 2415 446 2501 conloquendi,
480 2437 535 2504 per
556 2421 638 2502 quod
661 2422 693 2482 et
707 2419 843 2485 scientia
862 2419 996 2504 patescit
1012 2427 1044 2484 et
1060 2414 1199 2482 caritas?
1222 2416 1366 2482 clamant

231 2521 358 2588 silentia
380 2525 445 2602 tua,
468 2521 499 2588 te
522 2539 584 2588 non
605 2523 789 2589 adsecutum
818 2523 899 2606 quod
925 2523 999 2588 boui
1022 2522 1153 2606 dignum
1175 2521 1274 2604 possit
1295 2538 1365 2584 esse

233 2625 356 2692 iudicio.
381 2643 453 2692 uam
476 2624 559 2690 sicut
578 2644 649 2692 rare
671 2625 787 2705 doctos,
811 2625 858 2692 ita
874 2626 1023 2694 contiuua
1037 2615 1143 2711 prodit
1157 2621 1402 2690 taciturnitas„

231 2727 393 2811 inperitos.
430 2746 503 2812 ergo
533 2727 679 2796 erubesce
708 2731 740 2794 et
762 2727 889 2796 taudem
912 2726 1079 2812 aliquando
1102 2747 1211 2810 rumpe
1231 2721 1365 2791 ‘uincula

231 2837 263 2896 et
285 2830 510 2916 impedimenta
531 2850 718 2897 sermonum.
743 2833 870 2898 ostende
888 2851 983 2915 quam
998 2830 1114 2910 ualeas,
1137 2829 1268 2896 ostende
1284 2829 1364 2913 quid

229 2935 433 3017 promonens,
456 2935 485 3001 si
508 2939 614 3001 tamen
637 2938 668 3000 te
689 2937 777 3000 iuxta
799 2938 908 3001 uotum
937 2937 1079 3000 nostrum
1103 2933 1207 3018 gratie
1228 2951 1365 3018 superna

231 3055 292 3102 nou
315 3037 440 3102 deserit.
464 3055 549 3102 nuuc
571 3035 771 3103 salutationis
799 3037 949 3103 honorem
976 3037 1085 3119 accipe
1108 3040 1140 3102 et
1172 3036 1261 3105 breui
1284 3053 1357 3101 cou-

231 3141 339 3204 teutus
373 3139 507 3223 epistula
541 3157 673 3225 agnosce
707 3141 790 3225 patri
827 3142 881 3206 tuo
919 3158 999 3223 quae
1032 3143 1124 3224 louge
1161 3140 1399 3223 conceptiones

233 3243 412 3308 reserentur
433 3242 528 3308 fuisse
549 3243 708 3311 mandata.

280 3429 297 3482 4
321 3430 450 3498 oportune
473 3428 562 3496 m,
587 3431 734 3498 oportunae
757 3429 798 3496 Βς
824 3430 956 3499 oportuna
979 3431 1041 3498 Po,
1067 3429 1212 3500 inportune
1226 3431 1294 3499 fert.

230 3515 351 3584 loquares
368 3515 396 3568 Β
487 3513 587 3585 gart-oli
604 3515 633 3570 Β
659 3515 763 3585 garruli
781 3515 934 3570 imitatione
950 3517 1037 3586 salpe
1054 3517 1229 3588 coctumst
1318 3531 1364 3572 re·

229 3609 309 3705 apide
328 3633 354 3690 Β
457 3635 576 3706 oposeta
595 3637 623 3692 Β
726 3637 742 3690 l
760 3636 862 3691 ualeret
880 3637 907 3692 Β

280 3739 327 3794 vl.
364 3741 395 3798 ll
414 3742 560 3810 peccatoria
577 3742 605 3798 Β
709 3743 743 3796 12
760 3741 923 3797 condedissie
941 3742 970 3796 Β
1064 3741 1098 3798 ad
1118 3742 1146 3797 Β
1251 3745 1283 3799 13
1300 3743 1364 3798 dex·

229 3824 360 3882 tonsu
446 3827 553 3882 ueniret
570 3826 598 3881 Β
683 3827 882 3900 negligentiam
900 3827 927 3882 Β
1013 3829 1177 3883 etsttuam
1194 3845 1247 3887 oon.
1265 3830 1292 3886 Β

230 3947 424 4002 muminito·
443 3947 470 4002 B
574 3963 670 4019 urgan
689 3948 771 4006 auu
874 3951 908 4005 1e
924 3950 1040 4020 pamm
1057 3915 1234 4035 13,ch
1255 3950 1287 4013 u,
1312 3965 1363 4020 pa

229 4051 316 4103 mec
333 4051 376 4106 uo
469 4052 637 4121 19p0slt13
732 4053 768 4106 ao
784 4051 884 4108 neruo
902 4052 938 4120 a,
964 4053 1064 4108 recreo
1080 4054 1151 4109 eet.
1164 4054 1292 4111 moeso

228 4135 359 4191 cicutam
377 4140 433 4205 (tra
449 4153 519 4194 coer.
539 4155 573 4194 ec
590 4138 662 4204 tut)
680 4137 707 4193 Β
809 4138 904 4195 doctus
931 4141 958 4193 Β
1061 4139 1095 4196 21
1120 4139 1241 4198 erubisos
1263 4141 1292 4198 B

228 4219 463 4280 22indimeutaB
551 4239 632 4292 quam
643 4224 680 4288 B,
703 4223 769 4294 quid
781 4225 908 4280 LPTVb
993 4225 1029 4280 24
1046 4226 1155 4298 decerit]
1174 4226 1246 4283 derit
1262 4226 1290 4281 Β

227 4305 438 4364 oeconomicus
456 4309 483 4364 1*
