2934 4934
586 376 705 432 Dictio
724 372 757 431 V.
1176 375 1242 446 {39

102 570 222 634 smmus
241 569 393 651 qnantum
408 572 469 633 erit
492 567 645 635 humiliot
667 566 898 645 famulantibus
921 570 974 651 qui
996 569 1036 633 a'd
1057 567 1240 651 religiosum

101 674 236 738 nocetur
258 672 433 755 imperium.
471 688 596 739 neomse
616 676 668 738 est
689 676 727 737 ut
746 672 848 737 ‘etiam
871 672 1026 737 extremae
1047 671 1239 737 ¹condicionis

101 778 247 859 personis
274 776 468 859 obtemperet
498 778 549 841 cui
571 776 708 842 inminet
725 774 777 841 sio
798 776 915 841 iubere.
954 773 1001 839 ait
1016 776 1107 841 'enim
1125 775 1241 841 ¹doctor

102 880 268 963 gentium:
297 877 479 944 omnibns
507 878 639 944 omnia
660 879 794 945 faetus
823 897 924 957 eum,
954 882 997 944 nt
1018 895 1152 944 omnes
1174 880 1241 944 ad·

79 982 317 1063 squirerenu
362 982 455 1047 modo
486 982 663 1049 diuinitatis
691 982 831 1065 operatio
858 982 945 1048 adsit
973 983 1097 1047 muneri
1124 1000 1180 1047 suo
1207 986 1242 1048 et

102 1103 200 1168 quem
222 1083 352 1168 dignum
375 1085 462 1165 apios
484 1086 573 1151 tanto
597 1104 660 1151 non
681 1086 806 1150 inuenit
832 1084 956 1151 effidat.

474 1270 656 1327 PRECATIO
678 1268 873 1326 mussavit.

149 1392 288 1475 Dignum
311 1395 342 1457 et
366 1393 484 1457 iustum
508 1397 566 1457 est.
606 1403 679 1457 uere
702 1392 836 1476 dignum
857 1392 922 1473 est,
951 1392 990 1456 nt
1010 1391 1095 1457 inter
1117 1392 1243 1456 exordia

101 1498 272 1581 dignitatis
294 1497 364 1575 tibi,
390 1495 617 1580 principiorum
640 1497 779 1575 dominc,
802 1496 1023 1578 supplicemus,
1056 1496 1109 1577 qni
1130 1494 1243 1560 mnudi

64 1600 207 1682 reipsius
229 1602 262 1665 in
283 1615 398 1665 nouam
420 1600 525 1665 lucem
545 1601 730 1682 prodeuntis
752 1600 921 1665 infantiam
943 1599 1062 1681 quanto
1086 1596 1241 1663 bonorum

99 1708 233 1769 tuorum
263 1706 383 1768 secreto
412 1702 533 1767 orditus
555 1722 603 1780 es,
637 1705 729 1768 tanta
758 1702 918 1784 potentiae
946 1702 1067 1766 uirtute
1089 1700 1240 1766 solinusti.

101 1806 214 1871 stabat
233 1805 270 1870 in
292 1804 500 1871 admiratione
522 1806 571 1869 sui
593 1809 702 1871 tenera
723 1806 808 1871 orbis
829 1805 988 1871 inchoatio
1011 1805 1044 1869 et
1060 1822 1157 1886 paene
1187 1807 1243 1870 ds

101 1908 186 1973 coris
221 1909 341 1993 proprii
376 1924 526 1974 concussa
559 1912 687 1991 stupore
721 1908 905 1987 titubabat,
939 1909 1011 1973 ante
1044 1906 1242 1993 agnitionem

101 2013 223 2079 ordinis
246 2012 345 2079 solam
375 2013 489 2078 sortita
510 2015 548 2078 'de
575 2016 703 2078 anctore
734 2012 962 2089 substantiam,
992 2012 1153 2094 requirens
1179 2028 1242 2093 guo

65 2146 90 2186 15
102 2116 189 2181 esset
215 2116 349 2181 rotanda
377 2115 431 2181 lux
458 2117 619 2183 adtributa
641 2115 869 2193 moderamine,
904 2114 1031 2197 qualem
1060 2114 1157 2181 finem
1178 2114 1243 2180 diei

100 2225 231 2301 tempus
253 2220 419 2303 exciperet,
442 2220 470 2284 si
492 2238 549 2303 per
571 2219 715 2285 adsiduos
738 2231 862 2303 semper
876 2224 1089 2285 renasceretur
1103 2236 1242 2294 occasus,

100 2326 131 2390 si
154 2341 217 2389 nor
238 2325 391 2389 muudum
414 2322 512 2389 fuscia
535 2324 694 2391 ambitura
713 2324 925 2407 complexibus
947 2324 1037 2407 qnasi
1055 2342 1121 2387 rem
1144 2322 1242 2405 origi-

100 2424 226 2493 nariam
258 2426 436 2511 perenniter
465 2444 526 2492 non
553 2428 686 2492 teneret.
732 2430 766 2492 in
793 2427 853 2491 boc
881 2427 1045 2511 ambiguo,
1080 2428 1117 2490 nt
1147 2426 1243 2491 certis

99 2529 336 2595 famularentur
356 2548 412 2611 per
434 2530 565 2611 longum
579 2529 708 2595 confusa
723 2531 927 2612 temporibus,
948 2531 999 2595 dei
1021 2529 1122 2596 nostri
1137 2529 1244 2595 extitit

65 2633 154 2699 solen
185 2632 345 2698 noluntas.
389 2632 491 2697 omnis
525 2633 715 2715 dispensatio
751 2632 880 2697 statutis
913 2633 1050 2715 praefixa
1084 2633 1242 2698 limitibus

100 2736 230 2801 tanturn
258 2733 376 2819 potuit,
407 2737 563 2818 quantum
591 2734 755 2820 praestitit
782 2738 835 2819 qui
858 2737 986 2801 creauit.
1019 2734 1068 2800 sio
1088 2752 1162 2814 nos,
1191 2734 1242 2817 pie

101 2838 227 2922 opifex,
254 2840 338 2905 inter
363 2840 561 2906 sacerdotalis
583 2838 672 2904 tituli
697 2839 837 2922 auspicia
863 2837 932 2904 sole'
952 2838 1176 2905 concreationis
1196 2840 1241 2903 in-

101 2944 210 3009 radia:
232 2962 287 3029 per
310 2943 423 3009 sudum
446 2942 484 3009 de
506 2945 628 3009 meritis
650 2944 766 3009 nostris
782 2942 903 3027 fulgeat
925 2943 992 3008 dies
1016 2937 1127 3008 officii:
1150 2942 1241 3008 nulla

101 3046 318 3130 subreptione,
346 3046 445 3115 nullis
467 3046 584 3114 diaboli
606 3046 832 3113 blandimentis
855 3048 963 3129 pereat
977 3046 1060 3131 qnod
1075 3063 1241 3112 uocamnrt

66 3169 168 3220 senon
190 3149 282 3217 liceat
311 3150 476 3217 admisisse
506 3154 587 3233 quod
616 3169 677 3216 non
705 3151 813 3217 dccet:
842 3151 921 3216 recti
948 3151 1090 3216 studium
1117 3154 1150 3215 te
1179 3148 1241 3214 im·

206 3338 339 3393 lICor.
357 3338 382 3403 9,
400 3338 436 3391 22

156 3492 355 3547 luenditionis
373 3492 457 3547 RLT
559 3492 712 3549 3inmenit
730 3493 759 3547 Β
862 3494 878 3547 7
902 3493 1038 3561 praeuotio
1056 3492 1098 3558 B,
1125 3492 1241 3562 prefatio

102 3580 129 3635 T
226 3580 324 3634 8nere
343 3576 456 3647 dignum
474 3582 516 3634 est
533 3596 584 3634 ooo.
604 3569 659 3634 TV
758 3579 901 3634 9domin'e
916 3579 981 3644 fort.
1080 3577 1243 3646 supplicemx

102 3667 137 3732 'Z
166 3664 347 3735 supplicemur
367 3666 411 3731 T¹,
437 3666 798 3737 mpplioemcsfusfnrba)
816 3667 843 3721 L
930 3667 963 3720 12
981 3664 1085 3719 itenere
1102 3664 1241 3719 3¹th

101 3786 187 3841 lietw
259 3751 393 3869 ‘incolatio
412 3786 440 3840 Β
531 3804 598 3858 pene
617 3788 682 3843 libra*
775 3788 876 3842 decoris
894 3787 947 3853 Bb,
974 3786 1143 3855 decerperis
1161 3781 1245 3840 LTV

101 3872 137 3935 (is
151 3870 333 3926 caedual
347 3876 427 3938 corr.)
510 3874 544 3928 14
558 3872 716 3929 eordlnisL
798 3877 888 3929 actore
903 3872 930 3927 Τ
1008 3870 1174 3940 loquelari

100 3956 137 4012 lb
165 3955 293 4027 acciperit
319 3956 348 4011 Β
451 3958 579 4015 adsiduus
607 3960 635 4014 Β
739 3962 941 4015 renascerentur
970 3958 1004 4011 ΤΙ
1110 3956 1142 4010 17
1169 3956 1242 4010 fucis

102 4030 141 4096 Τί
241 4043 276 4097 19
293 4044 337 4098 die
358 4047 380 4110 (1
397 4045 511 4115 iores.)
528 4046 556 4101 L
659 4046 695 4100 20
712 4061 805 4099 omnes
822 4045 851 4099 Β
947 4044 982 4097 21
1001 4043 1048 4112 qni
1066 4042 1124 4105 Bb,
1147 4043 1176 4096 ci
1192 4045 1242 4112 qui

100 4129 188 4185 m
189 4148 200 4194 3
218 4130 253 4196 cf.
269 4130 384 4185 viem
395 4130 516 4185 Stadios
528 4132 564 4185 11
574 4148 600 4200 p.
614 4134 674 4186 242
765 4132 826 4200 piae
844 4131 872 4185 Β
966 4128 1136 4199 iiltpontifex
1144 4128 1177 4183 Τ

101 4206 206 4271 ereb
310 4218 490 4272 concessionis
512 4218 537 4271 T
638 4217 672 4274 25
689 4217 812 4272 emissae
832 4218 864 4282 Τ,
888 4216 1009 4271 comum
1026 4215 1055 4271 L
1141 4217 1183 4285 ¹‘tt
1199 4216 1242 4270 iu·

101 4320 214 4388 perante
231 4318 272 4383 Β,
300 4306 438 4388 teperante
457 4320 484 4374 L
