<?xml version="1.0" encoding="UTF-8"?>
<!DOCTYPE html PUBLIC "-//W3C//DTD XHTML 1.0 Transitional//EN"
    "http://www.w3.org/TR/xhtml1/DTD/xhtml1-transitional.dtd">
<html xmlns="http://www.w3.org/1999/xhtml" xml:lang="en" lang="en">
 <head>
  <title>
</title>
<meta http-equiv="Content-Type" content="text/html;charset=utf-8" />
  <meta name='ocr-system' content='tesseract 3.04.00' />
  <meta name='ocr-capabilities' content='ocr_page ocr_carea ocr_par ocr_line ocrx_word'/>
</head>
<body>
  <div class='ocr_page' id='page_1' title='image "./corpusscriptoru13wissgoog_0562.png"; bbox 0 0 2934 4934; ppageno 0'>
   <div class='ocr_carea' id='block_1_1' title="bbox 243 360 1019 436">
    <p class='ocr_par' dir='ltr' id='par_1_1' title="bbox 243 360 1019 436">
     <span class='ocr_line' id='line_1_1' title="bbox 243 360 1019 436; baseline 0 -21"><span class='ocrx_word' id='word_1_1' title='bbox 243 366 309 431; x_wconf 82' lang='grc'><strong>466</strong></span> <span class='ocrx_word' id='word_1_2' title='bbox 605 361 721 436; x_wconf 82' lang='lat' dir='ltr'><strong>Magni</strong></span> <span class='ocrx_word' id='word_1_3' title='bbox 740 360 868 416; x_wconf 81' lang='lat' dir='ltr'><strong>Felicis</strong></span> <span class='ocrx_word' id='word_1_4' title='bbox 886 360 1019 415; x_wconf 81' lang='lat' dir='ltr'><strong>Eunodi</strong></span> 
     </span>
    </p>
   </div>
   <div class='ocr_carea' id='block_1_2' title="bbox 244 552 1436 3219">
    <p class='ocr_par' dir='ltr' id='par_1_2' title="bbox 244 552 1436 3219">
     <span class='ocr_line' id='line_1_2' title="bbox 244 552 1383 637; baseline -0.002 -18"><span class='ocrx_word' id='word_1_5' title='bbox 244 554 440 637; x_wconf 78' lang='lat' dir='ltr'><strong>eloquentiae</strong></span> <span class='ocrx_word' id='word_1_6' title='bbox 467 552 581 636; x_wconf 88' lang='lat' dir='ltr'><strong>palmis</strong></span> <span class='ocrx_word' id='word_1_7' title='bbox 609 552 748 619; x_wconf 81' lang='lat' dir='ltr'><strong>uobdem</strong></span> <span class='ocrx_word' id='word_1_8' title='bbox 776 554 858 618; x_wconf 89' lang='lat' dir='ltr'><strong>inter</strong></span> <span class='ocrx_word' id='word_1_9' title='bbox 887 552 1004 634; x_wconf 90' lang='lat' dir='ltr'><strong>peritos</strong></span> <span class='ocrx_word' id='word_1_10' title='bbox 1028 553 1208 634; x_wconf 85' lang='lat' dir='ltr'><strong>praesentat</strong></span> <span class='ocrx_word' id='word_1_11' title='bbox 1230 553 1383 637; x_wconf 86' lang='lat' dir='ltr'><strong>effigiem.</strong></span> 
     </span>
     <span class='ocr_line' id='line_1_3' title="bbox 245 654 1385 748; baseline -0.001 -26"><span class='ocrx_word' id='word_1_12' title='bbox 245 656 356 723; x_wconf 89' lang='lat' dir='ltr'><strong>horum</strong></span> <span class='ocrx_word' id='word_1_13' title='bbox 378 656 536 739; x_wconf 82' lang='lat' dir='ltr'><strong>prosapies</strong></span> <span class='ocrx_word' id='word_1_14' title='bbox 556 656 661 748; x_wconf 87' lang='lat' dir='ltr'><strong>adhuc</strong></span> <span class='ocrx_word' id='word_1_15' title='bbox 683 654 811 738; x_wconf 90' lang='lat' dir='ltr'><strong>quidem</strong></span> <span class='ocrx_word' id='word_1_16' title='bbox 832 673 948 739; x_wconf 81' lang='lat' dir='ltr'><strong>parua,</strong></span> <span class='ocrx_word' id='word_1_17' title='bbox 977 657 1041 720; x_wconf 90' lang='lat' dir='ltr'><strong>iam</strong></span> <span class='ocrx_word' id='word_1_18' title='bbox 1065 658 1201 722; x_wconf 86' lang='lat' dir='ltr'><strong>maxima</strong></span> <span class='ocrx_word' id='word_1_19' title='bbox 1220 662 1385 739; x_wconf 87' lang='lat' dir='ltr'><strong>gemmata</strong></span> 
     </span>
     <span class='ocr_line' id='line_1_4' title="bbox 245 757 1385 844; baseline 0.002 -21"><span class='ocrx_word' id='word_1_20' title='bbox 245 758 444 841; x_wconf 86' lang='lat' dir='ltr'><strong>pubescentis</strong></span> <span class='ocrx_word' id='word_1_21' title='bbox 477 757 599 825; x_wconf 89' lang='lat' dir='ltr'><strong>flosculi</strong></span> <span class='ocrx_word' id='word_1_22' title='bbox 627 775 681 823; x_wconf 89' lang='lat' dir='ltr'><strong>ore</strong></span> <span class='ocrx_word' id='word_1_23' title='bbox 709 758 905 839; x_wconf 87' lang='lat' dir='ltr'><strong>praeferens,</strong></span> <span class='ocrx_word' id='word_1_24' title='bbox 939 759 1024 824; x_wconf 90' lang='lat' dir='ltr'><strong>uocis</strong></span> <span class='ocrx_word' id='word_1_25' title='bbox 1057 759 1268 842; x_wconf 86' lang='lat' dir='ltr'><strong>praesidium,</strong></span> <span class='ocrx_word' id='word_1_26' title='bbox 1291 762 1385 844; x_wconf 16' lang='lat' dir='ltr'><strong>‚qquod</strong></span> 
     </span>
     <span class='ocr_line' id='line_1_5' title="bbox 244 860 1386 947; baseline 0 -20"><span class='ocrx_word' id='word_1_27' title='bbox 244 860 420 941; x_wconf 83' lang='lat' dir='ltr'><strong>exhibebit,</strong></span> <span class='ocrx_word' id='word_1_28' title='bbox 451 862 604 945; x_wconf 82' lang='lat' dir='ltr'><strong>inploret,</strong></span> <span class='ocrx_word' id='word_1_29' title='bbox 634 862 692 927; x_wconf 90' lang='lat' dir='ltr'><strong>hoc</strong></span> <span class='ocrx_word' id='word_1_30' title='bbox 721 860 815 927; x_wconf 88' lang='lat' dir='ltr'><strong>taciti</strong></span> <span class='ocrx_word' id='word_1_31' title='bbox 844 879 971 945; x_wconf 90' lang='lat' dir='ltr'><strong>poscens</strong></span> <span class='ocrx_word' id='word_1_32' title='bbox 998 862 1189 947; x_wconf 79' lang='lat' dir='ltr'><strong>allegatione</strong></span> <span class='ocrx_word' id='word_1_33' title='bbox 1212 864 1386 946; x_wconf 88' lang='lat' dir='ltr'><strong>conloquii.</strong></span> 
     </span>
     <span class='ocr_line' id='line_1_6' title="bbox 245 963 1414 1050; baseline -0.003 -20"><span class='ocrx_word' id='word_1_34' title='bbox 245 968 352 1031; x_wconf 87' lang='lat' dir='ltr'><strong>iuuate</strong></span> <span class='ocrx_word' id='word_1_35' title='bbox 374 966 538 1049; x_wconf 89' lang='lat' dir='ltr'><strong>paruulos,</strong></span> <span class='ocrx_word' id='word_1_36' title='bbox 563 982 639 1049; x_wconf 86' lang='lat' dir='ltr'><strong>quos</strong></span> <span class='ocrx_word' id='word_1_37' title='bbox 663 963 822 1031; x_wconf 90' lang='lat' dir='ltr'><strong>habebitis</strong></span> <span class='ocrx_word' id='word_1_38' title='bbox 844 966 967 1049; x_wconf 80' lang='lat' dir='ltr'><strong>patriae</strong></span> <span class='ocrx_word' id='word_1_39' title='bbox 989 985 1061 1031; x_wconf 84' lang='lat' dir='ltr'><strong>mox</strong></span> <span class='ocrx_word' id='word_1_40' title='bbox 1081 969 1243 1048; x_wconf 88' lang='lat' dir='ltr'><strong>parentes:</strong></span> <span class='ocrx_word' id='word_1_41' title='bbox 1272 968 1414 1050; x_wconf 79' lang='lat' dir='ltr'><strong>iopen-r</strong></span> 
     </span>
     <span class='ocr_line' id='line_1_7' title="bbox 244 1066 1384 1153; baseline 0.002 -20"><span class='ocrx_word' id='word_1_42' title='bbox 244 1066 308 1135; x_wconf 82' lang='lat' dir='ltr'><strong>dit&#39;e</strong></span> <span class='ocrx_word' id='word_1_43' title='bbox 331 1067 487 1153; x_wconf 88' lang='lat' dir='ltr'><strong>praesidia</strong></span> <span class='ocrx_word' id='word_1_44' title='bbox 509 1067 722 1137; x_wconf 82' lang='lat' dir='ltr'><strong>defensoribus</strong></span> <span class='ocrx_word' id='word_1_45' title='bbox 746 1071 779 1133; x_wconf 92' lang='lat' dir='ltr'><strong>et</strong></span> <span class='ocrx_word' id='word_1_46' title='bbox 799 1070 940 1152; x_wconf 86' lang='lat' dir='ltr'><strong>pugnate</strong></span> <span class='ocrx_word' id='word_1_47' title='bbox 962 1088 1017 1152; x_wconf 91' lang='lat' dir='ltr'><strong>pro</strong></span> <span class='ocrx_word' id='word_1_48' title='bbox 1040 1071 1226 1148; x_wconf 73' lang='lat' dir='ltr'><strong>tenetisne</strong></span> <span class='ocrx_word' id='word_1_49' title='bbox 1249 1073 1384 1135; x_wconf 86' lang='lat' dir='ltr'><strong>maturi·</strong></span> 
     </span>
     <span class='ocr_line' id='line_1_8' title="bbox 245 1171 1385 1263; baseline 0 -25"><span class='ocrx_word' id='word_1_50' title='bbox 245 1190 311 1238; x_wconf 88' lang='lat' dir='ltr'><strong>ores</strong></span> <span class='ocrx_word' id='word_1_51' title='bbox 333 1190 408 1237; x_wconf 90' lang='lat' dir='ltr'><strong>aeuo</strong></span> <span class='ocrx_word' id='word_1_52' title='bbox 431 1171 677 1263; x_wconf 82' lang='lat' dir='ltr'><strong>subcumbamus</strong></span> <span class='ocrx_word' id='word_1_53' title='bbox 693 1190 748 1255; x_wconf 88' lang='lat' dir='ltr'><strong>pro</strong></span> <span class='ocrx_word' id='word_1_54' title='bbox 764 1171 972 1237; x_wconf 88' lang='lat' dir='ltr'><strong>uniuersitate</strong></span> <span class='ocrx_word' id='word_1_55' title='bbox 989 1173 1153 1239; x_wconf 85' lang='lat' dir='ltr'><strong>bellantes.</strong></span> <span class='ocrx_word' id='word_1_56' title='bbox 1188 1172 1281 1239; x_wconf 88' lang='lat' dir='ltr'><strong>scitis</strong></span> <span class='ocrx_word' id='word_1_57' title='bbox 1306 1192 1385 1255; x_wconf 85' lang='lat' dir='ltr'><strong>quae</strong></span> 
     </span>
     <span class='ocr_line' id='line_1_9' title="bbox 244 1274 1384 1365; baseline 0 -25"><span class='ocrx_word' id='word_1_58' title='bbox 244 1275 355 1342; x_wconf 90' lang='lat' dir='ltr'><strong>domus</strong></span> <span class='ocrx_word' id='word_1_59' title='bbox 378 1293 433 1358; x_wconf 88' lang='lat' dir='ltr'><strong>pro</strong></span> <span class='ocrx_word' id='word_1_60' title='bbox 456 1276 595 1359; x_wconf 86' lang='lat' dir='ltr'><strong>generali</strong></span> <span class='ocrx_word' id='word_1_61' title='bbox 618 1276 799 1365; x_wconf 72' lang='lat' dir='ltr'><strong>commitata</strong></span> <span class='ocrx_word' id='word_1_62' title='bbox 821 1274 963 1352; x_wconf 84' lang='lat' dir='ltr'><strong>desudet,</strong></span> <span class='ocrx_word' id='word_1_63' title='bbox 988 1278 1038 1341; x_wconf 92' lang='lat' dir='ltr'><strong>cui</strong></span> <span class='ocrx_word' id='word_1_64' title='bbox 1061 1276 1210 1342; x_wconf 87' lang='lat' dir='ltr'><strong>debeatur</strong></span> <span class='ocrx_word' id='word_1_65' title='bbox 1225 1294 1283 1358; x_wconf 89' lang='lat' dir='ltr'><strong>pro</strong></span> <span class='ocrx_word' id='word_1_66' title='bbox 1298 1294 1384 1341; x_wconf 88' lang='lat' dir='ltr'><strong>com·</strong></span> 
     </span>
     <span class='ocr_line' id='line_1_10' title="bbox 244 1378 1385 1462; baseline 0 -19"><span class='ocrx_word' id='word_1_67' title='bbox 244 1380 334 1444; x_wconf 88' lang='lat' dir='ltr'><strong>muni</strong></span> <span class='ocrx_word' id='word_1_68' title='bbox 356 1378 521 1445; x_wconf 86' lang='lat' dir='ltr'><strong>securitate</strong></span> <span class='ocrx_word' id='word_1_69' title='bbox 544 1379 660 1457; x_wconf 83' lang='lat' dir='ltr'><strong>litatio,</strong></span> <span class='ocrx_word' id='word_1_70' title='bbox 683 1398 781 1462; x_wconf 89' lang='lat' dir='ltr'><strong>aqua</strong></span> <span class='ocrx_word' id='word_1_71' title='bbox 802 1378 929 1445; x_wconf 82' lang='lat' dir='ltr'><strong>duxerit</strong></span> <span class='ocrx_word' id='word_1_72' title='bbox 951 1379 1033 1461; x_wconf 90' lang='lat' dir='ltr'><strong>quod</strong></span> <span class='ocrx_word' id='word_1_73' title='bbox 1056 1381 1139 1444; x_wconf 87' lang='lat' dir='ltr'><strong>inter</strong></span> <span class='ocrx_word' id='word_1_74' title='bbox 1154 1379 1286 1445; x_wconf 88' lang='lat' dir='ltr'><strong>aduersa</strong></span> <span class='ocrx_word' id='word_1_75' title='bbox 1302 1378 1385 1445; x_wconf 85' lang='lat' dir='ltr'><strong>iuter</strong></span> 
     </span>
     <span class='ocr_line' id='line_1_11' title="bbox 245 1481 1412 1563; baseline -0.003 -17"><span class='ocrx_word' id='word_1_76' title='bbox 245 1500 300 1547; x_wconf 92' lang='lat' dir='ltr'><strong>uos</strong></span> <span class='ocrx_word' id='word_1_77' title='bbox 335 1481 473 1547; x_wconf 90' lang='lat' dir='ltr'><strong>ciuilitas</strong></span> <span class='ocrx_word' id='word_1_78' title='bbox 507 1501 570 1547; x_wconf 92' lang='lat' dir='ltr'><strong>non</strong></span> <span class='ocrx_word' id='word_1_79' title='bbox 602 1482 744 1549; x_wconf 87' lang='lat' dir='ltr'><strong>uacillet.</strong></span> <span class='ocrx_word' id='word_1_80' title='bbox 794 1482 887 1549; x_wconf 86' lang='lat' dir='ltr'><strong>debet</strong></span> <span class='ocrx_word' id='word_1_81' title='bbox 921 1484 1008 1547; x_wconf 91' lang='lat' dir='ltr'><strong>uobis</strong></span> <span class='ocrx_word' id='word_1_82' title='bbox 1041 1482 1129 1563; x_wconf 86' lang='lat' dir='ltr'><strong>origo</strong></span> <span class='ocrx_word' id='word_1_83' title='bbox 1162 1483 1271 1547; x_wconf 88' lang='lat' dir='ltr'><strong>uestra</strong></span> <span class='ocrx_word' id='word_1_84' title='bbox 1305 1482 1412 1549; x_wconf 82' lang='lat' dir='ltr'><strong>haurn</strong></span> 
     </span>
     <span class='ocr_line' id='line_1_12' title="bbox 245 1584 1385 1675; baseline 0.001 -26"><span class='ocrx_word' id='word_1_85' title='bbox 245 1585 443 1651; x_wconf 73' lang='lat' dir='ltr'><strong>tributariam</strong></span> <span class='ocrx_word' id='word_1_86' title='bbox 458 1585 681 1675; x_wconf 21' lang='lat' dir='ltr'><strong>&#39;functionem</strong></span> <span class='ocrx_word' id='word_1_87' title='bbox 711 1587 748 1651; x_wconf 94' lang='lat' dir='ltr'><strong>ut</strong></span> <span class='ocrx_word' id='word_1_88' title='bbox 776 1604 899 1667; x_wconf 89' lang='lat' dir='ltr'><strong>semper</strong></span> <span class='ocrx_word' id='word_1_89' title='bbox 925 1584 1046 1651; x_wconf 90' lang='lat' dir='ltr'><strong>nutriat</strong></span> <span class='ocrx_word' id='word_1_90' title='bbox 1075 1585 1196 1668; x_wconf 87' lang='lat' dir='ltr'><strong>patriae</strong></span> <span class='ocrx_word' id='word_1_91' title='bbox 1217 1604 1297 1651; x_wconf 90' lang='lat' dir='ltr'><strong>suae</strong></span> <span class='ocrx_word' id='word_1_92' title='bbox 1320 1587 1385 1651; x_wconf 90' lang='lat' dir='ltr'><strong>sine</strong></span> 
     </span>
     <span class='ocr_line' id='line_1_13' title="bbox 245 1688 1383 1773; baseline 0.002 -21"><span class='ocrx_word' id='word_1_93' title='bbox 245 1688 476 1755; x_wconf 80' lang='lat' dir='ltr'><strong>intermissione</strong></span> <span class='ocrx_word' id='word_1_94' title='bbox 500 1692 650 1755; x_wconf 84' lang='lat' dir='ltr'><strong>custodes.</strong></span> <span class='ocrx_word' id='word_1_95' title='bbox 683 1706 756 1773; x_wconf 84' lang='lat' dir='ltr'><strong>ergo</strong></span> <span class='ocrx_word' id='word_1_96' title='bbox 778 1690 805 1755; x_wconf 90' lang='lat' dir='ltr'><strong>si</strong></span> <span class='ocrx_word' id='word_1_97' title='bbox 820 1694 896 1756; x_wconf 87' lang='lat' dir='ltr'><strong>uota</strong></span> <span class='ocrx_word' id='word_1_98' title='bbox 918 1690 1006 1755; x_wconf 89' lang='lat' dir='ltr'><strong>uobis</strong></span> <span class='ocrx_word' id='word_1_99' title='bbox 1029 1694 1104 1755; x_wconf 92' lang='lat' dir='ltr'><strong>suut</strong></span> <span class='ocrx_word' id='word_1_100' title='bbox 1125 1688 1208 1753; x_wconf 88' lang='lat' dir='ltr'><strong>bona</strong></span> <span class='ocrx_word' id='word_1_101' title='bbox 1229 1690 1383 1773; x_wconf 85' lang='lat' dir='ltr'><strong>germinis</strong></span> 
     </span>
     <span class='ocr_line' id='line_1_14' title="bbox 246 1790 1382 1877; baseline 0.002 -21"><span class='ocrx_word' id='word_1_102' title='bbox 246 1792 361 1875; x_wconf 86' lang='lat' dir='ltr'><strong>nostri,</strong></span> <span class='ocrx_word' id='word_1_103' title='bbox 389 1794 552 1859; x_wconf 88' lang='lat' dir='ltr'><strong>inserenda</strong></span> <span class='ocrx_word' id='word_1_104' title='bbox 580 1791 757 1877; x_wconf 87' lang='lat' dir='ltr'><strong>suggerite,</strong></span> <span class='ocrx_word' id='word_1_105' title='bbox 788 1795 824 1859; x_wconf 88' lang='lat' dir='ltr'><strong>ut</strong></span> <span class='ocrx_word' id='word_1_106' title='bbox 847 1792 929 1876; x_wconf 89' lang='lat' dir='ltr'><strong>quod</strong></span> <span class='ocrx_word' id='word_1_107' title='bbox 955 1790 1038 1858; x_wconf 90' lang='lat' dir='ltr'><strong>nitet</strong></span> <span class='ocrx_word' id='word_1_108' title='bbox 1059 1791 1093 1857; x_wconf 91' lang='lat' dir='ltr'><strong>iu</strong></span> <span class='ocrx_word' id='word_1_109' title='bbox 1116 1794 1237 1857; x_wconf 88' lang='lat' dir='ltr'><strong>semine</strong></span> <span class='ocrx_word' id='word_1_110' title='bbox 1260 1792 1382 1858; x_wconf 86' lang='lat' dir='ltr'><strong>cultura</strong></span> 
     </span>
     <span class='ocr_line' id='line_1_15' title="bbox 245 1892 1381 1979; baseline -0.001 -21"><span class='ocrx_word' id='word_1_111' title='bbox 245 1895 401 1975; x_wconf 88' lang='lat' dir='ltr'><strong>melioret,</strong></span> <span class='ocrx_word' id='word_1_112' title='bbox 425 1892 541 1960; x_wconf 89' lang='lat' dir='ltr'><strong>habeat</strong></span> <span class='ocrx_word' id='word_1_113' title='bbox 563 1914 669 1979; x_wconf 88' lang='lat' dir='ltr'><strong>cespes</strong></span> <span class='ocrx_word' id='word_1_114' title='bbox 684 1894 784 1961; x_wconf 89' lang='lat' dir='ltr'><strong>radici</strong></span> <span class='ocrx_word' id='word_1_115' title='bbox 799 1894 1014 1963; x_wconf 79' lang='lat' dir='ltr'><strong>obsecundans</strong></span> <span class='ocrx_word' id='word_1_116' title='bbox 1029 1913 1133 1979; x_wconf 83' lang='lat' dir='ltr'><strong>poma,</strong></span> <span class='ocrx_word' id='word_1_117' title='bbox 1157 1914 1236 1978; x_wconf 89' lang='lat' dir='ltr'><strong>quae</strong></span> <span class='ocrx_word' id='word_1_118' title='bbox 1252 1898 1381 1962; x_wconf 84' lang='lat' dir='ltr'><strong>tribuat.</strong></span> 
     </span>
     <span class='ocr_line' id='line_1_16' title="bbox 245 1996 1409 2083; baseline -0.005 -21"><span class='ocrx_word' id='word_1_119' title='bbox 245 2016 306 2062; x_wconf 91' lang='lat' dir='ltr'><strong>non</strong></span> <span class='ocrx_word' id='word_1_120' title='bbox 329 2002 404 2061; x_wconf 91' lang='lat' dir='ltr'><strong>sunt</strong></span> <span class='ocrx_word' id='word_1_121' title='bbox 432 1999 613 2083; x_wconf 89' lang='lat' dir='ltr'><strong>peregrina,</strong></span> <span class='ocrx_word' id='word_1_122' title='bbox 642 2015 703 2063; x_wconf 91' lang='lat' dir='ltr'><strong>uon</strong></span> <span class='ocrx_word' id='word_1_123' title='bbox 726 1996 866 2083; x_wconf 84' lang='lat' dir='ltr'><strong>fugitiua</strong></span> <span class='ocrx_word' id='word_1_124' title='bbox 889 2016 968 2080; x_wconf 86' lang='lat' dir='ltr'><strong>quas</strong></span> <span class='ocrx_word' id='word_1_125' title='bbox 990 1999 1159 2080; x_wconf 86' lang='lat' dir='ltr'><strong>poscimus.</strong></span> <span class='ocrx_word' id='word_1_126' title='bbox 1194 1999 1222 2063; x_wconf 90' lang='lat' dir='ltr'><strong>si</strong></span> <span class='ocrx_word' id='word_1_127' title='bbox 1245 1998 1333 2064; x_wconf 81' lang='lat' dir='ltr'><strong>Eleis</strong></span> <span class='ocrx_word' id='word_1_128' title='bbox 1354 2010 1409 2063; x_wconf 86' lang='lat' dir='ltr'><strong>eta</strong></span> 
     </span>
     <span class='ocr_line' id='line_1_17' title="bbox 247 2098 1436 2183; baseline 0.006 -20"><span class='ocrx_word' id='word_1_129' title='bbox 247 2098 439 2182; x_wconf 84' lang='lat' dir='ltr'><strong>Olympiacis</strong></span> <span class='ocrx_word' id='word_1_130' title='bbox 468 2099 666 2167; x_wconf 86' lang='lat' dir='ltr'><strong>conflictibus</strong></span> <span class='ocrx_word' id='word_1_131' title='bbox 695 2101 835 2166; x_wconf 87' lang='lat' dir='ltr'><strong>nutritur</strong></span> <span class='ocrx_word' id='word_1_132' title='bbox 863 2100 989 2165; x_wconf 90' lang='lat' dir='ltr'><strong>eculeus</strong></span> <span class='ocrx_word' id='word_1_133' title='bbox 1012 2099 1050 2164; x_wconf 90' lang='lat' dir='ltr'><strong>de</strong></span> <span class='ocrx_word' id='word_1_134' title='bbox 1072 2099 1260 2183; x_wconf 89' lang='lat' dir='ltr'><strong>parentibus</strong></span> <span class='ocrx_word' id='word_1_135' title='bbox 1292 2102 1382 2165; x_wconf 87' lang='lat' dir='ltr'><strong>aesti-</strong></span> <span class='ocrx_word' id='word_1_136' title='bbox 1435 2103 1436 2170; x_wconf 78' lang='lat' dir='ltr'><strong>i</strong></span> 
     </span>
     <span class='ocr_line' id='line_1_18' title="bbox 245 2204 1381 2287; baseline 0.002 -22"><span class='ocrx_word' id='word_1_137' title='bbox 245 2206 361 2284; x_wconf 86' lang='lat' dir='ltr'><strong>matus,</strong></span> <span class='ocrx_word' id='word_1_138' title='bbox 384 2220 440 2268; x_wconf 90' lang='lat' dir='ltr'><strong>uos</strong></span> <span class='ocrx_word' id='word_1_139' title='bbox 463 2204 565 2269; x_wconf 89' lang='lat' dir='ltr'><strong>adhuc</strong></span> <span class='ocrx_word' id='word_1_140' title='bbox 586 2204 818 2287; x_wconf 87' lang='lat' dir='ltr'><strong>proficientium</strong></span> <span class='ocrx_word' id='word_1_141' title='bbox 834 2208 1011 2271; x_wconf 88' lang='lat' dir='ltr'><strong>creatorum</strong></span> <span class='ocrx_word' id='word_1_142' title='bbox 1025 2205 1206 2269; x_wconf 88' lang='lat' dir='ltr'><strong>muniamur</strong></span> <span class='ocrx_word' id='word_1_143' title='bbox 1221 2204 1381 2287; x_wconf 85' lang='lat' dir='ltr'><strong>exemplis.</strong></span> 
     </span>
     <span class='ocr_line' id='line_1_19' title="bbox 246 2304 1436 2390; baseline 0.004 -22"><span class='ocrx_word' id='word_1_144' title='bbox 246 2304 335 2371; x_wconf 87' lang='lat' dir='ltr'><strong>uobis</strong></span> <span class='ocrx_word' id='word_1_145' title='bbox 358 2307 481 2371; x_wconf 67' lang='lat' dir='ltr'><strong>autum</strong></span> <span class='ocrx_word' id='word_1_146' title='bbox 504 2305 714 2388; x_wconf 90' lang='lat' dir='ltr'><strong>praebuerunt</strong></span> <span class='ocrx_word' id='word_1_147' title='bbox 736 2308 877 2389; x_wconf 84' lang='lat' dir='ltr'><strong>obsequii</strong></span> <span class='ocrx_word' id='word_1_148' title='bbox 899 2326 947 2373; x_wconf 88' lang='lat' dir='ltr'><strong>ras</strong></span> <span class='ocrx_word' id='word_1_149' title='bbox 968 2307 1137 2388; x_wconf 88' lang='lat' dir='ltr'><strong>secundae,</strong></span> <span class='ocrx_word' id='word_1_150' title='bbox 1166 2309 1293 2390; x_wconf 89' lang='lat' dir='ltr'><strong>quando</strong></span> <span class='ocrx_word' id='word_1_151' title='bbox 1316 2326 1384 2390; x_wconf 88' lang='lat' dir='ltr'><strong>pro·</strong></span> <span class='ocrx_word' id='word_1_152' title='bbox 1435 2321 1436 2324; x_wconf 73' lang='grc'>’</span> 
     </span>
     <span class='ocr_line' id='line_1_20' title="bbox 245 2410 1383 2495; baseline 0.004 -24"><span class='ocrx_word' id='word_1_153' title='bbox 245 2411 455 2490; x_wconf 87' lang='lat' dir='ltr'><strong>pugnatorum</strong></span> <span class='ocrx_word' id='word_1_154' title='bbox 478 2412 654 2476; x_wconf 89' lang='lat' dir='ltr'><strong>uestrorum</strong></span> <span class='ocrx_word' id='word_1_155' title='bbox 677 2412 709 2476; x_wconf 92' lang='lat' dir='ltr'><strong>et</strong></span> <span class='ocrx_word' id='word_1_156' title='bbox 730 2411 884 2476; x_wconf 78' lang='lat' dir='ltr'><strong>adolescit</strong></span> <span class='ocrx_word' id='word_1_157' title='bbox 913 2410 1080 2495; x_wconf 84' lang='lat' dir='ltr'><strong>posteritas</strong></span> <span class='ocrx_word' id='word_1_158' title='bbox 1102 2414 1136 2476; x_wconf 90' lang='lat' dir='ltr'><strong>et</strong></span> <span class='ocrx_word' id='word_1_159' title='bbox 1157 2411 1262 2476; x_wconf 88' lang='lat' dir='ltr'><strong>adhuc</strong></span> <span class='ocrx_word' id='word_1_160' title='bbox 1283 2412 1383 2495; x_wconf 82' lang='lat' dir='ltr'><strong>patris</strong></span> 
     </span>
     <span class='ocr_line' id='line_1_21' title="bbox 247 2512 1410 2599; baseline -0.002 -23"><span class='ocrx_word' id='word_1_161' title='bbox 247 2512 360 2595; x_wconf 89' lang='lat' dir='ltr'><strong>auique</strong></span> <span class='ocrx_word' id='word_1_162' title='bbox 382 2514 485 2578; x_wconf 91' lang='lat' dir='ltr'><strong>tutele</strong></span> <span class='ocrx_word' id='word_1_163' title='bbox 508 2532 571 2578; x_wconf 91' lang='lat' dir='ltr'><strong>uon</strong></span> <span class='ocrx_word' id='word_1_164' title='bbox 595 2514 709 2581; x_wconf 87' lang='lat' dir='ltr'><strong>deficit.</strong></span> <span class='ocrx_word' id='word_1_165' title='bbox 745 2532 818 2599; x_wconf 87' lang='lat' dir='ltr'><strong>ergo</strong></span> <span class='ocrx_word' id='word_1_166' title='bbox 841 2514 891 2578; x_wconf 90' lang='lat' dir='ltr'><strong>his</strong></span> <span class='ocrx_word' id='word_1_167' title='bbox 913 2512 1053 2578; x_wconf 86' lang='lat' dir='ltr'><strong>stimulis</strong></span> <span class='ocrx_word' id='word_1_168' title='bbox 1075 2514 1255 2593; x_wconf 84' lang='lat' dir='ltr'><strong>incitatum,</strong></span> <span class='ocrx_word' id='word_1_169' title='bbox 1277 2512 1410 2580; x_wconf 71' lang='lat' dir='ltr'><strong>docwra</strong></span> 
     </span>
     <span class='ocr_line' id='line_1_22' title="bbox 248 2615 1385 2701; baseline 0.003 -21"><span class='ocrx_word' id='word_1_170' title='bbox 248 2616 448 2697; x_wconf 83' lang='lat' dir='ltr'><strong>uenerabilis,</strong></span> <span class='ocrx_word' id='word_1_171' title='bbox 471 2619 595 2701; x_wconf 84' lang='lat' dir='ltr'><strong>suscipe</strong></span> <span class='ocrx_word' id='word_1_172' title='bbox 618 2619 838 2684; x_wconf 88' lang='lat' dir='ltr'><strong>uniuersorum</strong></span> <span class='ocrx_word' id='word_1_173' title='bbox 860 2634 952 2683; x_wconf 91' lang='lat' dir='ltr'><strong>uoces</strong></span> <span class='ocrx_word' id='word_1_174' title='bbox 975 2615 1157 2681; x_wconf 85' lang='lat' dir='ltr'><strong>afferentem</strong></span> <span class='ocrx_word' id='word_1_175' title='bbox 1179 2618 1225 2681; x_wconf 91' lang='lat' dir='ltr'><strong>et·</strong></span> <span class='ocrx_word' id='word_1_176' title='bbox 1232 2617 1385 2700; x_wconf 87' lang='lat' dir='ltr'><strong>genitalis</strong></span> 
     </span>
     <span class='ocr_line' id='line_1_23' title="bbox 247 2719 1383 2805; baseline 0.004 -22"><span class='ocrx_word' id='word_1_177' title='bbox 247 2720 305 2784; x_wconf 86' lang='lat' dir='ltr'><strong>soli</strong></span> <span class='ocrx_word' id='word_1_178' title='bbox 327 2720 568 2803; x_wconf 87' lang='lat' dir='ltr'><strong>allegationibus</strong></span> <span class='ocrx_word' id='word_1_179' title='bbox 593 2720 763 2805; x_wconf 86' lang='lat' dir='ltr'><strong>benignam</strong></span> <span class='ocrx_word' id='word_1_180' title='bbox 786 2719 902 2802; x_wconf 90' lang='lat' dir='ltr'><strong>praebe</strong></span> <span class='ocrx_word' id='word_1_181' title='bbox 930 2720 1171 2785; x_wconf 86' lang='lat' dir='ltr'><strong>conscientiam:</strong></span> <span class='ocrx_word' id='word_1_182' title='bbox 1199 2722 1326 2802; x_wconf 86' lang='lat' dir='ltr'><strong>respice</strong></span> <span class='ocrx_word' id='word_1_183' title='bbox 1348 2722 1383 2787; x_wconf 86' lang='lat' dir='ltr'><strong>de</strong></span> 
     </span>
     <span class='ocr_line' id='line_1_24' title="bbox 247 2822 1384 2908; baseline 0.004 -23"><span class='ocrx_word' id='word_1_184' title='bbox 247 2828 278 2886; x_wconf 89' lang='lat' dir='ltr'><strong>te</strong></span> <span class='ocrx_word' id='word_1_185' title='bbox 301 2822 417 2889; x_wconf 92' lang='lat' dir='ltr'><strong>iudicia</strong></span> <span class='ocrx_word' id='word_1_186' title='bbox 445 2829 551 2891; x_wconf 90' lang='lat' dir='ltr'><strong>nostra</strong></span> <span class='ocrx_word' id='word_1_187' title='bbox 580 2830 610 2891; x_wconf 88' lang='lat' dir='ltr'><strong>et</strong></span> <span class='ocrx_word' id='word_1_188' title='bbox 640 2826 781 2892; x_wconf 88' lang='lat' dir='ltr'><strong>eleuatus</strong></span> <span class='ocrx_word' id='word_1_189' title='bbox 810 2825 1054 2891; x_wconf 87' lang='lat' dir='ltr'><strong>consideratione</strong></span> <span class='ocrx_word' id='word_1_190' title='bbox 1088 2824 1192 2889; x_wconf 89' lang='lat' dir='ltr'><strong>meriti</strong></span> <span class='ocrx_word' id='word_1_191' title='bbox 1220 2840 1334 2908; x_wconf 88' lang='lat' dir='ltr'><strong>parem</strong></span> <span class='ocrx_word' id='word_1_192' title='bbox 1355 2832 1384 2889; x_wconf 86' lang='lat' dir='ltr'><strong>te</strong></span> 
     </span>
     <span class='ocr_line' id='line_1_25' title="bbox 247 2926 1385 2993; baseline 0 -2"><span class='ocrx_word' id='word_1_193' title='bbox 247 2926 419 2993; x_wconf 88' lang='lat' dir='ltr'><strong>multorum</strong></span> <span class='ocrx_word' id='word_1_194' title='bbox 443 2927 544 2993; x_wconf 84' lang='lat' dir='ltr'><strong>forma</strong></span> <span class='ocrx_word' id='word_1_195' title='bbox 572 2929 767 2993; x_wconf 78' lang='lat' dir='ltr'><strong>seutemias:</strong></span> <span class='ocrx_word' id='word_1_196' title='bbox 802 2927 912 2993; x_wconf 88' lang='lat' dir='ltr'><strong>labora</strong></span> <span class='ocrx_word' id='word_1_197' title='bbox 932 2933 970 2992; x_wconf 89' lang='lat' dir='ltr'><strong>ut</strong></span> <span class='ocrx_word' id='word_1_198' title='bbox 992 2928 1126 2993; x_wconf 89' lang='lat' dir='ltr'><strong>munitio</strong></span> <span class='ocrx_word' id='word_1_199' title='bbox 1149 2929 1259 2991; x_wconf 87' lang='lat' dir='ltr'><strong>nostra</strong></span> <span class='ocrx_word' id='word_1_200' title='bbox 1282 2929 1318 2993; x_wconf 88' lang='lat' dir='ltr'><strong>te</strong></span> <span class='ocrx_word' id='word_1_201' title='bbox 1339 2928 1385 2991; x_wconf 90' lang='lat' dir='ltr'><strong>in·</strong></span> 
     </span>
     <span class='ocr_line' id='line_1_26' title="bbox 248 3028 1411 3113; baseline 0.001 -21"><span class='ocrx_word' id='word_1_202' title='bbox 248 3032 389 3095; x_wconf 89' lang='lat' dir='ltr'><strong>struente</strong></span> <span class='ocrx_word' id='word_1_203' title='bbox 418 3033 568 3098; x_wconf 88' lang='lat' dir='ltr'><strong>solidetur</strong></span> <span class='ocrx_word' id='word_1_204' title='bbox 596 3035 637 3109; x_wconf 87' lang='lat' dir='ltr'><strong>et,</strong></span> <span class='ocrx_word' id='word_1_205' title='bbox 668 3053 707 3099; x_wconf 90' lang='lat' dir='ltr'><strong>ne</strong></span> <span class='ocrx_word' id='word_1_206' title='bbox 738 3031 868 3097; x_wconf 90' lang='lat' dir='ltr'><strong>inimica</strong></span> <span class='ocrx_word' id='word_1_207' title='bbox 896 3034 1033 3097; x_wconf 87' lang='lat' dir='ltr'><strong>arietum</strong></span> <span class='ocrx_word' id='word_1_208' title='bbox 1054 3029 1163 3097; x_wconf 89' lang='lat' dir='ltr'><strong>uincat</strong></span> <span class='ocrx_word' id='word_1_209' title='bbox 1184 3028 1411 3113; x_wconf 72' lang='lat' dir='ltr'><strong>inpugnatioa</strong></span> 
     </span>
     <span class='ocr_line' id='line_1_27' title="bbox 247 3133 1383 3219; baseline 0.002 -24"><span class='ocrx_word' id='word_1_210' title='bbox 247 3137 283 3195; x_wconf 89' lang='lat' dir='ltr'><strong>tu</strong></span> <span class='ocrx_word' id='word_1_211' title='bbox 305 3136 403 3198; x_wconf 89' lang='lat' dir='ltr'><strong>muris</strong></span> <span class='ocrx_word' id='word_1_212' title='bbox 434 3134 554 3219; x_wconf 86' lang='lat' dir='ltr'><strong>patriae</strong></span> <span class='ocrx_word' id='word_1_213' title='bbox 583 3136 759 3200; x_wconf 89' lang='lat' dir='ltr'><strong>studiorum</strong></span> <span class='ocrx_word' id='word_1_214' title='bbox 790 3153 878 3200; x_wconf 90' lang='lat' dir='ltr'><strong>arma</strong></span> <span class='ocrx_word' id='word_1_215' title='bbox 909 3136 1071 3217; x_wconf 89' lang='lat' dir='ltr'><strong>coniunge.</strong></span> <span class='ocrx_word' id='word_1_216' title='bbox 1106 3133 1221 3198; x_wconf 91' lang='lat' dir='ltr'><strong>scimus</strong></span> <span class='ocrx_word' id='word_1_217' title='bbox 1250 3150 1383 3213; x_wconf 87' lang='lat' dir='ltr'><strong>quorum</strong></span> 
     </span>
    </p>
   </div>
   <div class='ocr_carea' id='block_1_3' title="bbox 246 3404 1436 3997">
    <p class='ocr_par' dir='ltr' id='par_1_3' title="bbox 246 3404 1436 3997">
     <span class='ocr_line' id='line_1_28' title="bbox 299 3404 1436 3476; baseline -0.003 -15"><span class='ocrx_word' id='word_1_218' title='bbox 299 3406 316 3461; x_wconf 99' lang='grc'><strong>2</strong></span> <span class='ocrx_word' id='word_1_219' title='bbox 342 3406 438 3461; x_wconf 85' lang='lat' dir='ltr'><strong>horum</strong></span> <span class='ocrx_word' id='word_1_220' title='bbox 467 3406 565 3469; x_wconf 74' lang='lat' dir='ltr'><strong>Sirra,</strong></span> <span class='ocrx_word' id='word_1_221' title='bbox 594 3420 700 3459; x_wconf 84' lang='lat' dir='ltr'><strong>morum</strong></span> <span class='ocrx_word' id='word_1_222' title='bbox 727 3406 794 3461; x_wconf 76' lang='lat' dir='ltr'><strong>iibri</strong></span> <span class='ocrx_word' id='word_1_223' title='bbox 926 3407 943 3461; x_wconf 84' lang='lat'><strong>3</strong></span> <span class='ocrx_word' id='word_1_224' title='bbox 970 3404 1136 3476; x_wconf 85' lang='lat' dir='ltr'><strong>pubiscantis</strong></span> <span class='ocrx_word' id='word_1_225' title='bbox 1162 3404 1189 3459; x_wconf 91' lang='grc' dir='ltr'><strong><em>Β</em></strong></span> <span class='ocrx_word' id='word_1_226' title='bbox 1323 3405 1382 3459; x_wconf 76' lang='lat' dir='ltr'><strong>dus</strong></span> <span class='ocrx_word' id='word_1_227' title='bbox 1435 3443 1436 3470; x_wconf 26' lang='lat' dir='ltr'><strong>a</strong></span> 
     </span>
     <span class='ocr_line' id='line_1_29' title="bbox 247 3491 1436 3566; baseline -0.003 -17"><span class='ocrx_word' id='word_1_228' title='bbox 247 3492 300 3549; x_wconf 83' lang='lat' dir='ltr'><strong>coli</strong></span> <span class='ocrx_word' id='word_1_229' title='bbox 327 3493 354 3548; x_wconf 92' lang='grc' dir='ltr'><strong><em>Β</em></strong></span> <span class='ocrx_word' id='word_1_230' title='bbox 456 3493 579 3549; x_wconf 66' lang='lat' dir='ltr'><strong>italici</strong></span> <span class='ocrx_word' id='word_1_231' title='bbox 604 3494 642 3549; x_wconf 83' lang='grc' dir='ltr'><strong>Βι</strong></span> <span class='ocrx_word' id='word_1_232' title='bbox 661 3500 693 3548; x_wconf 83' lang='lat' dir='ltr'><strong>at</strong></span> <span class='ocrx_word' id='word_1_233' title='bbox 710 3494 827 3548; x_wconf 68' lang='lat' dir='ltr'><strong>aiddw</strong></span> <span class='ocrx_word' id='word_1_234' title='bbox 928 3492 1090 3561; x_wconf 82' lang='lat' dir='ltr'><strong>alligatione</strong></span> <span class='ocrx_word' id='word_1_235' title='bbox 1116 3491 1143 3545; x_wconf 93' lang='grc' dir='ltr'><strong><em>Β</em></strong></span> <span class='ocrx_word' id='word_1_236' title='bbox 1248 3492 1266 3547; x_wconf 77' lang='grc' dir='ltr'><strong>ὁ</strong></span> <span class='ocrx_word' id='word_1_237' title='bbox 1293 3491 1382 3546; x_wconf 77' lang='lat' dir='ltr'><strong>iubete</strong></span> <span class='ocrx_word' id='word_1_238' title='bbox 1435 3549 1436 3566; x_wconf 13' lang='grc' dir='ltr'>χ</span> 
     </span>
     <span class='ocr_line' id='line_1_30' title="bbox 247 3573 1436 3635; baseline -0.004 0"><span class='ocrx_word' id='word_1_239' title='bbox 247 3580 276 3635; x_wconf 93' lang='grc' dir='ltr'><strong><em>Β</em></strong></span> <span class='ocrx_word' id='word_1_240' title='bbox 373 3580 563 3635; x_wconf 83' lang='lat' dir='ltr'><strong>dmaturioris</strong></span> <span class='ocrx_word' id='word_1_241' title='bbox 581 3578 609 3634; x_wconf 92' lang='grc' dir='ltr'><strong><em>Β</em></strong></span> <span class='ocrx_word' id='word_1_242' title='bbox 707 3580 824 3634; x_wconf 77' lang='lat' dir='ltr'><strong>iscites</strong></span> <span class='ocrx_word' id='word_1_243' title='bbox 840 3579 869 3634; x_wconf 94' lang='grc' dir='ltr'><strong><em>Β</em></strong></span> <span class='ocrx_word' id='word_1_244' title='bbox 967 3578 1112 3634; x_wconf 85' lang='lat' dir='ltr'><strong>8dcsudit</strong></span> <span class='ocrx_word' id='word_1_245' title='bbox 1130 3579 1158 3634; x_wconf 94' lang='grc' dir='ltr'><strong><em>Β</em></strong></span> <span class='ocrx_word' id='word_1_246' title='bbox 1255 3576 1382 3633; x_wconf 69' lang='lat' dir='ltr'><strong>debatur</strong></span> <span class='ocrx_word' id='word_1_247' title='bbox 1435 3573 1436 3616; x_wconf 80' lang='lat' dir='ltr'><strong>l</strong></span> 
     </span>
     <span class='ocr_line' id='line_1_31' title="bbox 248 3663 1436 3733; baseline -0.004 -14"><span class='ocrx_word' id='word_1_248' title='bbox 248 3672 272 3733; x_wconf 83' lang='lat' dir='ltr'><strong>(r</strong></span> <span class='ocrx_word' id='word_1_249' title='bbox 289 3666 399 3732; x_wconf 80' lang='lat' dir='ltr'><strong>taras.)</strong></span> <span class='ocrx_word' id='word_1_250' title='bbox 419 3665 446 3720; x_wconf 99' lang='grc' dir='ltr'><strong><em>Β</em></strong></span> <span class='ocrx_word' id='word_1_251' title='bbox 545 3666 672 3722; x_wconf 75' lang='lat' dir='ltr'><strong>illitacio</strong></span> <span class='ocrx_word' id='word_1_252' title='bbox 691 3666 718 3719; x_wconf 95' lang='grc' dir='ltr'><strong><em>Β</em></strong></span> <span class='ocrx_word' id='word_1_253' title='bbox 823 3663 856 3721; x_wconf 90' lang='grc'><strong>12</strong></span> <span class='ocrx_word' id='word_1_254' title='bbox 874 3664 1087 3719; x_wconf 82' lang='lat' dir='ltr'><strong>intermissiones</strong></span> <span class='ocrx_word' id='word_1_255' title='bbox 1106 3664 1142 3719; x_wconf 64' lang='grc' dir='ltr'><strong>Τ*</strong></span> <span class='ocrx_word' id='word_1_256' title='bbox 1247 3665 1283 3718; x_wconf 81' lang='lat'><strong>14</strong></span> <span class='ocrx_word' id='word_1_257' title='bbox 1300 3663 1380 3718; x_wconf 83' lang='lat' dir='ltr'><strong>habea</strong></span> <span class='ocrx_word' id='word_1_258' title='bbox 1435 3663 1436 3714; x_wconf 56' lang='grc' dir='ltr'>Τ</span> 
     </span>
     <span class='ocr_line' id='line_1_32' title="bbox 246 3745 1436 3823; baseline -0.003 -17"><span class='ocrx_word' id='word_1_259' title='bbox 246 3752 274 3806; x_wconf 92' lang='grc' dir='ltr'><strong><em>Β</em></strong></span> <span class='ocrx_word' id='word_1_260' title='bbox 377 3754 461 3823; x_wconf 80' lang='lat' dir='ltr'><strong>cespis</strong></span> <span class='ocrx_word' id='word_1_261' title='bbox 480 3750 571 3820; x_wconf 87' lang='lat' dir='ltr'><strong><em>LPV,</em></strong></span> <span class='ocrx_word' id='word_1_262' title='bbox 599 3752 682 3823; x_wconf 77' lang='lat' dir='ltr'><strong>cispsl</strong></span> <span class='ocrx_word' id='word_1_263' title='bbox 704 3751 731 3806; x_wconf 99' lang='grc' dir='ltr'><strong><em>Β</em></strong></span> <span class='ocrx_word' id='word_1_264' title='bbox 835 3750 998 3806; x_wconf 86' lang='lat' dir='ltr'><strong>obsecundas</strong></span> <span class='ocrx_word' id='word_1_265' title='bbox 1021 3751 1060 3805; x_wconf 75' lang='grc' dir='ltr'><strong>Βι</strong></span> <span class='ocrx_word' id='word_1_266' title='bbox 1165 3750 1199 3805; x_wconf 79' lang='lat' dir='ltr'><strong>lb</strong></span> <span class='ocrx_word' id='word_1_267' title='bbox 1222 3748 1311 3803; x_wconf 85' lang='lat' dir='ltr'><strong>heleis</strong></span> <span class='ocrx_word' id='word_1_268' title='bbox 1331 3748 1381 3803; x_wconf 83' lang='grc' dir='ltr'><strong><em>ΒΡ</em></strong></span> <span class='ocrx_word' id='word_1_269' title='bbox 1435 3745 1436 3810; x_wconf 78' lang='lat' dir='ltr'><strong>l</strong></span> 
     </span>
     <span class='ocr_line' id='line_1_33' title="bbox 250 3835 1380 3909; baseline -0.006 -14"><span class='ocrx_word' id='word_1_270' title='bbox 250 3839 303 3895; x_wconf 83' lang='lat' dir='ltr'><strong>TV</strong></span> <span class='ocrx_word' id='word_1_271' title='bbox 406 3840 439 3894; x_wconf 86' lang='grc'><strong>16</strong></span> <span class='ocrx_word' id='word_1_272' title='bbox 462 3839 612 3909; x_wconf 80' lang='lat' dir='ltr'><strong>olimpiadis</strong></span> <span class='ocrx_word' id='word_1_273' title='bbox 637 3838 748 3894; x_wconf 81' lang='lat' dir='ltr'><strong><em>LPTV</em></strong></span> <span class='ocrx_word' id='word_1_274' title='bbox 850 3839 882 3892; x_wconf 81' lang='grc'><strong>17</strong></span> <span class='ocrx_word' id='word_1_275' title='bbox 906 3836 1106 3907; x_wconf 88' lang='lat' dir='ltr'><strong>prolicieucium</strong></span> <span class='ocrx_word' id='word_1_276' title='bbox 1131 3836 1158 3890; x_wconf 91' lang='lat' dir='ltr'><em>B</em></span> <span class='ocrx_word' id='word_1_277' title='bbox 1264 3836 1299 3890; x_wconf 80' lang='lat'><strong>19</strong></span> <span class='ocrx_word' id='word_1_278' title='bbox 1322 3835 1380 3889; x_wconf 78' lang='lat' dir='ltr'><strong>ado</strong></span> 
     </span>
     <span class='ocr_line' id='line_1_34' title="bbox 247 3922 1436 3997; baseline 0 -18"><span class='ocrx_word' id='word_1_279' title='bbox 247 3927 325 3981; x_wconf 87' lang='lat' dir='ltr'><strong>liscet</strong></span> <span class='ocrx_word' id='word_1_280' title='bbox 342 3926 371 3979; x_wconf 95' lang='grc' dir='ltr'><strong><em>Β</em></strong></span> <span class='ocrx_word' id='word_1_281' title='bbox 465 3925 628 3997; x_wconf 84' lang='lat' dir='ltr'><strong>prosperitus</strong></span> <span class='ocrx_word' id='word_1_282' title='bbox 646 3925 673 3979; x_wconf 99' lang='lat' dir='ltr'><strong><em>L</em></strong></span> <span class='ocrx_word' id='word_1_283' title='bbox 777 3924 812 3978; x_wconf 89' lang='grc'><strong>20</strong></span> <span class='ocrx_word' id='word_1_284' title='bbox 829 3923 927 3993; x_wconf 84' lang='lat' dir='ltr'><strong>tutela]</strong></span> <span class='ocrx_word' id='word_1_285' title='bbox 947 3923 1032 3978; x_wconf 87' lang='lat' dir='ltr'><strong>titula</strong></span> <span class='ocrx_word' id='word_1_286' title='bbox 1049 3923 1077 3977; x_wconf 91' lang='grc' dir='ltr'><strong><em>Β</em></strong></span> <span class='ocrx_word' id='word_1_287' title='bbox 1172 3922 1270 3978; x_wconf 84' lang='lat' dir='ltr'><strong>defleat</strong></span> <span class='ocrx_word' id='word_1_288' title='bbox 1288 3922 1317 3979; x_wconf 92' lang='grc' dir='ltr'><strong><em>Β</em></strong></span> <span class='ocrx_word' id='word_1_289' title='bbox 1435 3925 1436 3936; x_wconf 74' lang='grc'>’</span> 
     </span>
    </p>
   </div>
   <div class='ocr_carea' id='block_1_4' title="bbox 247 4012 1436 4371">
    <p class='ocr_par' dir='ltr' id='par_1_4' title="bbox 247 3965 1436 4371">
     <span class='ocr_line' id='line_1_35' title="bbox 247 4012 1380 4116; baseline -0.001 -16"><span class='ocrx_word' id='word_1_290' title='bbox 247 4046 367 4101; x_wconf 69' lang='lat' dir='ltr'><strong>sumnus</strong></span> <span class='ocrx_word' id='word_1_291' title='bbox 390 4046 452 4113; x_wconf 81' lang='lat' dir='ltr'><strong>an,</strong></span> <span class='ocrx_word' id='word_1_292' title='bbox 481 4012 580 4101; x_wconf 64' lang='lat' dir='ltr'><strong>„etde</strong></span> <span class='ocrx_word' id='word_1_293' title='bbox 602 4046 660 4101; x_wconf 79' lang='lat' dir='ltr'><strong>au</strong></span> <span class='ocrx_word' id='word_1_294' title='bbox 681 4048 749 4111; x_wconf 65' lang='lat' dir='ltr'><strong>&lt;aa</strong></span> <span class='ocrx_word' id='word_1_295' title='bbox 771 4045 845 4116; x_wconf 55' lang='lat' dir='ltr'><strong>aaa</strong></span> <span class='ocrx_word' id='word_1_296' title='bbox 861 4046 969 4100; x_wconf 67' lang='lat' dir='ltr'><strong>sueres</strong></span> <span class='ocrx_word' id='word_1_297' title='bbox 987 4045 1026 4099; x_wconf 70' lang='grc' dir='ltr'><em>υ</em></span> <span class='ocrx_word' id='word_1_298' title='bbox 1045 4045 1105 4100; x_wconf 64' lang='lat' dir='ltr'><strong>aaa</strong></span> <span class='ocrx_word' id='word_1_299' title='bbox 1122 4044 1258 4114; x_wconf 65' lang='lat' dir='ltr'><strong>caea),</strong></span> <span class='ocrx_word' id='word_1_300' title='bbox 1286 4045 1380 4100; x_wconf 67' lang='lat' dir='ltr'><strong>sucu</strong></span> 
     </span>
     <span class='ocr_line' id='line_1_36' title="bbox 249 4130 1379 4201; baseline 0 -14"><span class='ocrx_word' id='word_1_301' title='bbox 249 4132 297 4187; x_wconf 88' lang='lat' dir='ltr'><strong>Pb</strong></span> <span class='ocrx_word' id='word_1_302' title='bbox 390 4132 424 4186; x_wconf 87' lang='grc'><strong>21</strong></span> <span class='ocrx_word' id='word_1_303' title='bbox 443 4135 674 4189; x_wconf 77' lang='lat' dir='ltr'><strong>et-ncstraom.</strong></span> <span class='ocrx_word' id='word_1_304' title='bbox 693 4132 777 4187; x_wconf 75' lang='lat' dir='ltr'><strong>Sirra</strong></span> <span class='ocrx_word' id='word_1_305' title='bbox 872 4132 906 4185; x_wconf 91' lang='grc'><strong>22</strong></span> <span class='ocrx_word' id='word_1_306' title='bbox 923 4131 1130 4201; x_wconf 80' lang='lat' dir='ltr'><strong>alligationibus</strong></span> <span class='ocrx_word' id='word_1_307' title='bbox 1147 4130 1175 4186; x_wconf 92' lang='grc' dir='ltr'><strong><em>Β</em></strong></span> <span class='ocrx_word' id='word_1_308' title='bbox 1271 4132 1309 4187; x_wconf 80' lang='grc'><strong>24</strong></span> <span class='ocrx_word' id='word_1_309' title='bbox 1325 4148 1379 4187; x_wconf 75' lang='lat' dir='ltr'><strong>seu</strong></span> 
     </span>
     <span class='ocr_line' id='line_1_37' title="bbox 247 4217 1436 4286; baseline 0.003 -14"><span class='ocrx_word' id='word_1_310' title='bbox 247 4219 334 4272; x_wconf 87' lang='lat' dir='ltr'><strong>tentia</strong></span> <span class='ocrx_word' id='word_1_311' title='bbox 352 4218 460 4275; x_wconf 86' lang='lat' dir='ltr'><strong>elabora</strong></span> <span class='ocrx_word' id='word_1_312' title='bbox 478 4220 565 4286; x_wconf 71' lang='grc' dir='ltr'><strong>ΡΝ,</strong></span> <span class='ocrx_word' id='word_1_313' title='bbox 592 4220 719 4275; x_wconf 74' lang='lat' dir='ltr'><strong>wieutiac</strong></span> <span class='ocrx_word' id='word_1_314' title='bbox 738 4219 831 4273; x_wconf 86' lang='lat' dir='ltr'><strong>labora</strong></span> <span class='ocrx_word' id='word_1_315' title='bbox 848 4218 875 4271; x_wconf 91' lang='grc' dir='ltr'><strong><em>Β</em></strong></span> <span class='ocrx_word' id='word_1_316' title='bbox 968 4218 1062 4273; x_wconf 85' lang='lat' dir='ltr'><strong>munio</strong></span> <span class='ocrx_word' id='word_1_317' title='bbox 1080 4217 1108 4271; x_wconf 92' lang='grc' dir='ltr'><strong><em>Β</em></strong></span> <span class='ocrx_word' id='word_1_318' title='bbox 1194 4219 1224 4272; x_wconf 92' lang='lat' dir='ltr'><strong>in</strong></span> <span class='ocrx_word' id='word_1_319' title='bbox 1241 4222 1271 4275; x_wconf 87' lang='lat' dir='ltr'><strong>te</strong></span> <span class='ocrx_word' id='word_1_320' title='bbox 1289 4219 1318 4275; x_wconf 93' lang='lat' dir='ltr'><strong><em>L</em></strong></span> <span class='ocrx_word' id='word_1_321' title='bbox 1435 4223 1436 4242; x_wconf 63' lang='lat'><em>³</em></span> 
     </span>
     <span class='ocr_line' id='line_1_38' title="bbox 247 4304 757 4371; baseline 0.002 -15"><span class='ocrx_word' id='word_1_322' title='bbox 247 4304 425 4359; x_wconf 67' lang='lat' dir='ltr'><strong>insuescas..</strong></span> <span class='ocrx_word' id='word_1_323' title='bbox 442 4305 477 4371; x_wconf 87' lang='lat' dir='ltr'><strong>L,</strong></span> <span class='ocrx_word' id='word_1_324' title='bbox 505 4306 654 4360; x_wconf 87' lang='lat' dir='ltr'><strong>sustinente</strong></span> <span class='ocrx_word' id='word_1_325' title='bbox 673 4304 757 4360; x_wconf 77' lang='lat' dir='ltr'><strong>Sim.</strong></span> 
     </span>
    </p>
   </div>
   <div class='ocr_carea' id='block_1_5' title="bbox 0 0 1477 4934">
    <p class='ocr_par' dir='ltr' id='par_1_5' title="bbox 0 0 1477 4934">
     <span class='ocr_line' id='line_1_39' title="bbox 0 0 1477 4934; baseline 0 0"><span class='ocrx_word' id='word_1_326' title='bbox 0 0 1477 4934; x_wconf 95' lang='lat' dir='ltr'><strong> </strong></span> 
     </span>
    </p>
   </div>
  </div>
 </body>
</html>
