2934 4934
452 377 691 447 Epistularum
710 380 879 437 liberm.
1155 386 1226 451 „181

106 563 229 637 domine
250 565 306 643 mi,
320 564 457 635 mntem
471 568 663 635 uberrimam
677 568 785 635 diosus
799 587 916 651 precor,
939 574 976 636 ut
991 569 1107 642 Christi
1130 574 1228 638 nostri

108 666 265 733 tribuente
291 667 505 734 misericordia
531 671 636 735 crebro
664 671 799 737 salutem
827 676 965 738 uestram
994 674 1111 740 uotiuis
1138 676 1228 754 mibi,

107 768 182 835 dnm
204 788 307 835 meam
329 774 489 854 qnaeritis,
512 774 665 839 nuntietis
688 774 846 840 affatibus.

620 979 712 1047 XIII.

83 1121 96 1160 ⁵
158 1152 161 1157 -
497 1113 681 1171 eunomus
698 1115 837 1172 BOETIO.

142 1233 177 1299 si
199 1235 335 1300 liberum
358 1238 441 1301 esset
462 1235 619 1319 imperata
639 1236 768 1317 differri,
793 1240 1014 1303 concederetur
1028 1239 1104 1304 mibi
1128 1240 1229 1307 adhuc

102 1339 286 1401 ornamenta
313 1338 430 1404 silentii
458 1356 519 1403 non
542 1339 658 1422 perire:
684 1357 759 1407 nam
781 1341 1008 1407 taciturnitatis
1039 1362 1151 1408 munus
1182 1346 1230 1409 est

103 1439 185 1521 quod
195 1459 260 1505 non
270 1441 477 1507 inhumanum
490 1444 575 1525 loqui
587 1460 638 1507 me
649 1460 741 1525 posse
753 1442 940 1509 credidistis:
956 1444 1062 1511 uidete
1075 1450 1229 1529 quantum

103 1543 232 1626 linguae
247 1545 375 1627 genium
391 1562 451 1609 nox
465 1564 573 1628 pressa
590 1546 766 1612 contulerit.
790 1548 844 1611 sed
862 1564 910 1610 res
927 1549 974 1612 cst
989 1548 1081 1613 neoni
1096 1549 1230 1632 pectoris

70 1645 283 1728 operielitata
303 1649 441 1713 remedia
461 1666 524 1713 non
541 1652 658 1713 tenere.
682 1650 749 1732 agit
764 1652 915 1715 sermonis
931 1668 1012 1727 cure,
1036 1668 1074 1715 ne
1089 1651 1230 1732 promul·

102 1750 210 1831 gantis
232 1748 352 1814 celetur
373 1751 515 1829 inscitia,
545 1752 668 1833 quando
698 1750 756 1815 otii
786 1754 873 1817 labor
895 1754 1031 1835 gloriam
1058 1753 1229 1836 intercipit.

103 1870 172 1917 ecce
200 1870 257 1935 ego
279 1852 337 1917 ille
367 1856 441 1919 ante
473 1853 689 1935 probationem
718 1854 863 1919 laudatus
890 1856 1005 1920 subdor
1034 1858 1168 1921 examini
1198 1857 1230 1921 et

102 1954 197 2019 lorias
219 1972 320 2033 meas,
350 1974 390 2019 ne
417 1956 524 2021 uidear
549 1956 782 2037 praedicatione
805 1957 932 2040 dignus,
965 1960 1118 2041 inrumpo.
1155 1977 1230 2024 nam

101 2060 177 2124 dnm
202 2057 367 2123 humilitas
390 2060 494 2124 reddit
514 2060 709 2142 obsequium,
733 2061 902 2143 impetrata
916 2078 971 2145 per
993 2062 1153 2128 silentium
1170 2080 1231 2129 non

67 2161 265 2226 uhabemus.
290 2163 325 2226 tu
348 2162 382 2225 in
397 2180 458 2241 me,
481 2163 737 2228 emendatissimo
757 2163 928 2240 bominum,
953 2164 1090 2249 dignaris
1105 2168 1229 2249 praedi·

100 2284 173 2331 care
193 2264 341 2344 uirtutes,
365 2284 457 2347 quem
480 2266 510 2329 in
526 2266 617 2331 annis
633 2267 806 2349 puerilibus
822 2270 888 2333 sine
911 2269 1025 2334 aetatis
1041 2270 1230 2351 praeiudicio

98 2369 260 2434 industria
292 2370 367 2435 lecit
394 2370 573 2453 antiquum,
608 2372 663 2453 qui
689 2390 745 2454 per
774 2372 970 2455 diligentiam
1000 2373 1112 2455 imples
1139 2378 1230 2440 omne

98 2475 183 2556 qnod
207 2474 347 2557 cogitur,
370 2474 420 2538 oni
442 2474 523 2537 inter
545 2476 630 2538 uitae
654 2475 778 2539 exordia
799 2476 891 2541 ludus
915 2479 961 2539 est
984 2476 1126 2541 lectionis
1150 2476 1229 2542 assi·

99 2576 208 2642 duitas
231 2584 263 2641 et
285 2576 413 2641 debeas
435 2579 530 2642 sudor
559 2578 695 2656 alicnde,
724 2581 757 2643 in
786 2579 873 2643 cuius
903 2578 1050 2644 manibus
1072 2578 1230 2662 duplicato

65 2679 174 2762 signe
188 2680 303 2744 rutilat
317 2697 378 2761 qua
390 2682 513 2745 ueteres
530 2681 597 2745 lace
612 2681 776 2746 fulserunt.
799 2699 871 2747 nam
888 2683 970 2764 quod
994 2683 1047 2747 uir
1063 2684 1230 2749 maioribus

98 2783 184 2848 circa
208 2781 438 2846 extremitatem
462 2782 546 2846 uitae
569 2782 713 2865 contigit,
737 2782 795 2847 boo
817 2782 876 2847 tibi
893 2784 1032 2849 abundat
1053 2785 1087 2848 in
1110 2785 1228 2849 limine.

98 2904 172 2949 nere
197 2884 311 2949 dedisti
325 2886 461 2967 pretinm
481 2885 666 2968 loquacitati
689 2904 786 2969 meae,
811 2884 885 2949 dum
902 2884 1131 2950 desiderantem
1155 2904 1229 2951 oon·

98 2988 208 3071 loquia
228 2988 349 3070 primus
371 2988 559 3071 aggrederis.
591 2989 725 3072 contigit
747 3006 832 3053 noua·
849 2994 898 3053 res
913 2990 1050 3070 garrulo,
1073 2991 1111 3054 ut
1133 3008 1229 3071 neque

97 3092 176 3159 adeo
184 3092 416 3175 produceretur,
429 3092 528 3156 donec
537 3091 695 3174 erigerent
703 3090 819 3172 scripta
828 3107 1021 3174 responsum.
1039 3092 1229 3177 deogratias,

65 3198 155 3278 aqui
177 3194 311 3260 occultis
332 3195 500 3260 itineribus
529 3194 566 3259 de
596 3193 761 3276 propinqui
783 3211 839 3257 uos
867 3196 1044 3260 necessarie
1066 3194 1230 3260 affectione

101 3296 306 3363 commonuit.
350 3313 422 3362 ecce
445 3296 587 3380 geminae
609 3314 719 3362 causas
742 3296 877 3361 iniuriae
900 3298 962 3363 iam
994 3298 1124 3363 tenetis:
1155 3316 1229 3362 nam

97 3404 269 3485 postquam
290 3402 423 3483 agrestis
447 3404 578 3480 innotui,
601 3420 766 3483 praesumo
789 3400 890 3465 dicere
912 3418 962 3466 me
978 3403 1148 3482 parentem.
1173 3400 1229 3465 do-

97 3505 184 3568 mine
208 3505 272 3579 mi,
306 3505 420 3570 salutis
443 3504 580 3569 officium
610 3506 713 3569 dicens
744 3519 848 3588 spero,
882 3504 918 3567 ut
946 3503 1027 3568 circa
1050 3504 1229 3568 litterarum

152 3744 165 3795 1
190 3743 229 3797 mi
254 3743 292 3811 Τ,
321 3744 390 3797 mibi
414 3743 471 3799 LV
571 3744 662 3797 dicens
686 3758 737 3798 om.
756 3743 794 3799 Β
887 3742 993 3811 christi]
1013 3742 1055 3797 dei
1076 3742 1160 3797 Sino.

94 3829 167 3883 tut
184 3828 276 3884 erebro
293 3828 353 3883 LV
643 3884 646 3887 ,

149 3932 230 3987 xm
266 3932 283 3987 6
309 3934 410 3987 librum
432 3933 460 3987 L
564 3934 720 3988 conderetur
743 3934 771 3988 L
876 3932 964 3986 adhue
986 3930 1054 3986 mibi
1078 3930 1159 3986 Siron
1208 3964 1209 3967 =

97 4024 129 4076 11
150 4019 293 4077 msitiaT
315 4039 317 4042 ·
394 4020 428 4074 18
449 4018 583 4087 cogi-ntur
600 4022 658 4087 (ten
675 4020 757 4087 eras.)
776 4019 804 4075 L
907 4018 940 4072 19
964 4017 1116 4087 dupplicato
1138 4018 1163 4072 Τ

93 4107 132 4161 90
151 4106 225 4163 isses
249 4107 278 4173 V,
305 4106 375 4163 isscs
393 4107 447 4160 Μ’
539 4108 572 4162 al
591 4107 732 4163 habundat
750 4107 778 4161 Γ
870 4104 973 4159 lumine
992 4105 1018 4159 Τ
1107 4104 1141 4158 26
1159 4118 1228 4159 oom-

93 4211 188 4263 mosit
202 4207 309 4265 Sirra(
373 4210 407 4285 {ll
419 4209 578 4266 innotuit?
661 4202 806 4264 mo'dioers
815 4206 902 4264 ΜΨ
991 4205 1103 4261 28mibi
1116 4206 1161 4261 Bb

95 4296 227 4350 salutatis
244 4295 297 4363 Bb,
323 4296 437 4351 salnmti
454 4296 518 4362 fort.
