2934 4934
590 386 704 456 Magni
723 385 848 441 Felicis
867 384 998 439 Ennodi

549 1013 731 1139 creua
757 1053 1044 1138 aurumve.

787 1276 813 1345 Ι.

549 1387 559 1407 ’
615 1428 799 1485 suuoorvs
821 1428 981 1485 ruamus.

278 1553 456 1637 Praeceptis
479 1553 707 1635 magnitudinis
737 1555 860 1617 uestrae
887 1552 1096 1617 ministerium
1119 1550 1287 1617 debitionis
1311 1568 1365 1617 ex-

235 1657 401 1735 solnimus,
431 1654 504 1738 quia
530 1655 568 1719 fit
590 1655 740 1737 aequitati
772 1654 928 1739 proximus
957 1655 1010 1738 qui
1041 1655 1115 1720 iusti
1143 1654 1204 1719 uiri
1232 1654 1364 1720 monitis

235 1761 432 1827 obsecundat.
449 1758 644 1841 negotiorum
668 1756 812 1840 qualitas,
830 1776 906 1840 quae
922 1756 960 1821 ab
984 1756 1083 1821 emico
1099 1756 1242 1822 ueritatis
1265 1774 1364 1839 agno·
1386 1775 1399 1815 a

235 1865 349 1930 scendo
370 1861 595 1943 summittitur,
629 1862 774 1926 cautione
802 1859 932 1924 instruit
956 1862 1096 1925 animum
1119 1860 1289 1942 cognitoris
1312 1860 1363 1925 in-

235 1966 327 2050 tegri.
363 1965 567 2031 adfectionem
590 1963 757 2029 infudisset
778 1961 868 2027 nobis
891 1962 1118 2046 magnitudinis
1141 1966 1265 2027 uestrae
1289 1981 1364 2029 con·

235 2069 395 2146 sideratio,
417 2070 445 2134 si
466 2067 570 2133 studia
584 2084 646 2131 non
669 2067 836 2133 dedismnt.
860 2068 892 2131 in
915 2067 1039 2151 negotio
1058 2066 1166 2150 igitur,
1182 2067 1264 2149 quod
1279 2066 1365 2131 inter

236 2172 410 2237 Bantonem
431 2170 534 2253 rogiae
549 2172 659 2235 domne
680 2169 900 2235 conductorem
922 2174 954 2234 at
969 2168 1178 2251 Epiphaniam
1194 2169 1364 2233 cartarium

237 2276 386 2357 uertitur,
416 2274 491 2338 dnm
513 2290 623 2355 anceps
647 2275 680 2337 in
702 2273 923 2355 disceptatione
944 2276 1052 2338 nostra
1081 2273 1211 2338 euentus
1234 2272 1400 2337 nutaretro

236 2381 268 2445 et
290 2379 410 2442 alterna
438 2396 471 2443 se
494 2379 595 2460 partes
617 2377 789 2441 intentione
812 2376 1013 2456 conliderent,
1037 2378 1198 2441 adserente
1221 2376 1364 2442 Bautone

237 2499 269 2548 se
291 2481 452 2562 sexaginta
480 2481 512 2545 et
533 2482 666 2563 quatuor
696 2481 809 2545 solidos
831 2480 981 2563 puhliooe,
1012 2498 1088 2564 qnos
1111 2478 1150 2545 de
1171 2478 1292 2562 reliqua
1313 2480 1364 2543 in·

236 2584 379 2653 dictionis
410 2585 495 2650 illius
528 2584 640 2649 emisse
673 2584 878 2667 chirographo
912 2583 1016 2650 fuerat
1049 2583 1158 2649 debere
1192 2583 1361 2649 consessus.

235 2687 349 2753 idcirco
382 2703 442 2751 non
465 2705 553 2769 posse
585 2686 763 2765 restituere,
799 2687 872 2769 quia
899 2705 956 2769 per
983 2704 1095 2752 manns
1124 2684 1268 2753 sublimia
1299 2686 1364 2751 uiri

236 2791 373 2856 Proieoti
401 2789 606 2874 quadraginta
634 2790 748 2854 solidos
772 2790 945 2873 Epiphanio
968 2790 1108 2873 suffragii
1131 2790 1256 2855 nomine
1288 2808 1402 2857 con-rs

237 2894 373 2972 tulisset,
403 2912 459 2975 pro
481 2894 594 2975 quibus
622 2893 747 2959 nullum
768 2892 951 2959 beneficium
982 2898 1123 2959 secutum
1152 2894 1248 2959 trisse
1272 2898 1362 2961 dooe-

237 3001 332 3077 retur,
366 2998 399 3061 et
431 2994 595 3079 replicaret
627 2999 693 3079 ipse
726 2995 934 3078 Epiphanius,
968 3012 1000 3061 sc
1027 2997 1053 3062 ai
1080 2997 1155 3081 quid
1182 2998 1363 3081 accepisset,

236 3100 343 3164 labore
373 3102 522 3164 meruisse
548 3116 604 3163 nec
633 3098 751 3164 trustra
776 3099 836 3165 sihi
864 3118 882 3165 a
905 3098 1043 3165 Bautcue
1072 3099 1237 3184 quicquam
1268 3102 1363 3166 fnisse

239 3200 397 3267 conlatum
431 3202 481 3266 uel
514 3203 629 3285 prolati
660 3202 750 3269 testis
784 3202 877 3267 iidem
912 3201 1055 3268 laudibus
1084 3202 1276 3269 incessanter
1308 3206 1365 3270 ad·

238 3303 378 3369 tolleret:
401 3306 568 3370 statuimus
590 3308 627 3371 ut
642 3307 699 3371 suh
721 3305 918 3373 iureiurando
934 3306 1012 3371 mihi
1028 3306 1205 3371 nominatus
1220 3308 1364 3389 superius
1374 3326 1405 3369 aa

239 3406 288 3471 uir
311 3406 424 3471 nobihs
446 3408 606 3474 Proiectus
635 3409 666 3474 et
694 3411 810 3492 sperati
832 3428 931 3494 genua
961 3409 1134 3475 declararet
1161 3410 1304 3477 beneficii
1333 3412 1366 3476 et

239 3509 397 3589 effectum,
420 3512 447 3576 ei
470 3512 515 3576 ita
529 3512 620 3596 esset,
637 3512 794 3577 adsereret
809 3531 869 3578 non
885 3514 1044 3578 secutum:
1068 3513 1149 3594 quod
1166 3531 1236 3577 oum
1251 3513 1365 3579 inisset

289 3782 313 3838 1.
342 3783 534 3853 adstitiouis]
559 3784 710 3839 deuotionis
734 3787 750 3841 b
855 3786 871 3839 6
895 3786 1044 3840 cautionem
1068 3786 1097 3848 t,
1128 3785 1273 3839 cautiorem
1293 3788 1364 3841 torri.

239 3868 367 3924 macae
469 3870 668 3925 tininndisaat
685 3872 747 3937 Bo,
775 3870 923 3925 inaudiseet
940 3872 967 3927 L
1066 3870 1250 3939 itepiianium
1269 3872 1297 3925 B

239 3954 404 4010 cartherium
427 3954 526 4012 BLVb
639 3958 673 4012 la
689 3957 813 4026 publicus
832 3956 875 4011 Bh
987 3960 1020 4012 13
1038 3956 1223 4026 chyrographo
1240 3958 1264 4023 b,
1293 3974 1366 4029 cyro

240 4041 342 4111 grapho
354 4042 416 4108 LV,
439 4042 578 4114 cyrograto
591 4043 626 4109 Β,
650 4044 810 4113 cirographo
826 4044 852 4099 1·
936 4044 1027 4099 deberi
1038 4044 1104 4110 sort.
1202 4044 1367 4112 respirante

241 4126 499 4196 B,epiphanici1'
584 4131 702 4187 nominis
719 4131 768 4186 Bb
867 4132 899 4187 16
916 4130 1025 4185 docetur
1046 4130 1080 4185 V*
1180 4130 1212 4183 17
1230 4130 1368 4198 epiianius

240 4211 329 4268 BLV
426 4215 460 4269 18
482 4214 516 4270 ab
533 4219 646 4270 anotone
665 4216 694 4270 Β
798 4218 831 4271 19
853 4216 1045 4272 collocarunt
1148 4216 1254 4285 probati
1275 4218 1302 4273 Τ

240 4296 275 4351 ht)
291 4299 448 4355 statuim³u
466 4305 510 4367 (ua
527 4306 609 4369 eruo.)
628 4302 655 4357 L
758 4302 825 4356 mihi
842 4318 892 4359 om.
911 4304 958 4359 Bb
1061 4303 1093 4357 21
1113 4302 1240 4359 beneflcio
1258 4304 1298 4359 11¹
