2934 4934
385 383 501 455 Opuse.
520 385 573 440 111.
596 383 675 440 Vita
692 384 723 439 B.
742 384 918 456 liptpbaui.
1152 382 1218 454 375

90 593 214 642 morum
240 574 359 640 indioes
389 572 537 640 laonmae
565 573 773 639 testabuntur.
817 574 896 639 uada
924 575 957 638 et
977 573 1069 657 pleno
1093 575 1217 659 pertore

89 677 176 744 diota
203 676 394 755 sententiaa,
428 695 484 760 por
510 693 588 760 quas
614 675 769 762 partionis
796 674 886 742 illins
910 677 1094 744 durissimae
1120 697 1217 745 nexus

88 781 253 864 irrumpas
281 780 368 846 ilioat
401 781 545 847 omnibus
578 779 690 847 Italis:
719 797 927 864 quomumqm
958 781 1217 867 Burgundionum

90 887 269 950 nnmerum
285 887 388 950 metus
406 884 603 966 septinitatia
617 881 694 951 iecit
707 901 775 950 esse
789 884 940 969 captiuos,
963 901 1040 968 quos
1053 885 1148 951 famis
1161 905 1217 952 ne·

70 985 231 1064 tosseim,
253 1003 329 1069 qnos
345 987 555 1069 perieulornm
570 987 666 1053 timor
679 987 814 1070 oduarii,
836 991 994 1072 postremo
1008 1005 1217 1071 quoscumque

90 1089 248 1156 musaeait
269 1092 325 1156 aut
347 1088 468 1156 addixit
489 1107 658 1157 eonsensas
672 1089 822 1175 prinoipis
844 1089 903 1169 sni,
930 1094 1036 1157 noster
1057 1091 1217 1158 absoluat:

89 1197 121 1258 at
144 1207 259 1276 mneos
281 1210 359 1275 quos
381 1191 469 1275 quasi
491 1193 600 1260 ardore
621 1193 793 1276 proeliandi
812 1194 889 1260 tuno
910 1193 950 1260 ab
968 1193 1218 1260 aduersariorum

89 1313 221 1362 sumum
233 1295 446 1364 dominatione
454 1303 635 1381 rapuerunt
648 1315 704 1380 pro
715 1296 783 1362 illis
791 1298 886 1381 pretii
897 1299 1218 1384 quantulumcumque

88 1398 283 1484 pereipiant‚
310 1419 349 1466 ne
371 1400 571 1467 detestabiles
592 1399 675 1487 apud
697 1400 770 1467 illes
790 1399 868 1466 iant
889 1401 1096 1469 mrtemmnm
1118 1421 1217 1484 ossus,

57 1519 224 1585 eoquorum
247 1519 319 1568 enm
341 1503 523 1571 discrimina
544 1505 765 1590 sustinuerint,
792 1505 882 1572 luera
902 1524 966 1572 non
985 1505 1154 1574 sentisnt’.

130 1623 209 1689 Post
230 1625 431 1708 praeseptum
455 1625 622 1692 uenerandi
645 1625 727 1712 regis
750 1626 873 1712 inpiger
893 1625 949 1692 ille
966 1627 1133 1694 uerborum
1154 1626 1219 1692 sel·

89 1729 176 1794 tibus
198 1727 410 1810 indulgentiae
438 1728 556 1812 speeies
583 1727 640 1793 aut
673 1728 790 1795 formas
818 1728 958 1812 exposuit
986 1730 1017 1796 st
1045 1729 1149 1795 eartas
1179 1729 1218 1794 ad

88 1831 248 1915 insignem
272 1831 447 1896 antistitem
470 1831 601 1896 detulit:
624 1849 701 1914 quas
722 1829 779 1897 ille
801 1849 872 1897 oum
894 1833 1142 1916 expectatissime
1164 1831 1219 1897 de-

89 1935 218 2000 uotione
240 1935 378 2016 suscepit
400 1933 433 1999 et
453 1933 636 2018 portitorem
657 1935 738 1999 tanti
762 1934 836 2000 doni
858 1934 1032 2002 ambienter
1058 1935 1219 2018 amplexus

59 2039 145 2102 nest
166 2036 220 2120 qui
230 2039 396 2120 postquam
408 2055 514 2102 rumor
524 2035 672 2112 innotuit,
688 2038 777 2103 tenta
787 2034 882 2104 istius
892 2039 957 2105 iam
971 2037 1092 2105 liberae
1107 2037 1218 2104 multi·

89 2140 211 2208 tudinis
226 2139 402 2224 frequentia
417 2139 522 2206 subito
536 2139 670 2217 adstitit,
686 2143 723 2206 ut
738 2140 878 2207 desolata
893 2141 1032 2208 erederes
1043 2160 1109 2207 esse
1123 2140 1220 2207 etiam

90 2243 203 2311 ineolis
218 2261 292 2309 rura
307 2241 488 2312 Gallorum:
512 2261 586 2309 nam
601 2245 692 2309 testis
706 2243 801 2309 huius
821 2245 866 2311 rei
884 2262 940 2329 ego
958 2262 1038 2324 sum,
1060 2261 1115 2327 per
1130 2243 1219 2310 ouius

90 2365 203 2414 manus
226 2346 361 2432 pintaeia
382 2347 421 2412 ad
444 2345 585 2413 clusuras
608 2345 705 2412 iussio
727 2347 895 2413 eaoerdotis
917 2347 1041 2433 adsuit,
1071 2349 1220 2431 quadrin-

90 2455 203 2536 gentos
226 2449 369 2516 homines
390 2447 441 2516 dia
464 2468 526 2515 una
547 2447 586 2516 de
608 2448 674 2516 sola
689 2449 893 2535 Lugdunensi
915 2448 1045 2516 oiuitate
1066 2447 1220 2516 redituros

60 2553 130 2624 aad
152 2552 286 2619 Italiam
309 2551 404 2620 tuisse
425 2553 578 2620 dimissos.
612 2551 785 2620 identidem
809 2554 1028 2636 persingulas
1050 2554 1141 2620 urbes
1163 2551 1220 2620 Sa·

91 2659 224 2742 pandiae
248 2655 301 2722 uel
323 2653 459 2722 alierum
480 2655 712 2740 prouinciarum
739 2657 860 2723 iactum
880 2653 1095 2722 indubitanter
1122 2673 1220 2742 agno·

91 2763 208 2842 nimus,
230 2759 277 2824 ita
292 2761 328 2824 ut
346 2759 489 2836 istorum,
513 2775 590 2842 qnos
611 2757 696 2824 solae
718 2777 825 2844 pronos
840 2758 1015 2825 beatissimi
1028 2757 1092 2824 uiri
1106 2758 1219 2826 libera·

91 2866 175 2942 runt,
200 2863 272 2946 plus
288 2879 381 2946 qnam
396 2879 449 2927 sex
471 2861 560 2928 milia
574 2860 750 2928 animarum
767 2859 861 2927 terris
879 2861 990 2945 patris
1004 2859 1220 2927 redderentur.

91 2985 200 3033 eorum
222 2984 312 3045 uero,
339 2969 392 3048 qni
414 2965 569 3050 redempti
592 2983 667 3032 auro
689 2967 778 3044 sunt,
807 2982 972 3030 nnmerum
1000 2967 1040 3031 ad
1067 2964 1221 3049 liquidnm

60 3069 274 3156 aeognonisse
296 3085 358 3136 non
379 3067 476 3154 potui,
499 3068 574 3154 quia
589 3069 737 3136 intereos
757 3067 854 3134 etiam
867 3067 986 3134 multos
1001 3067 1078 3154 fuga
1091 3068 1218 3152 eripuit.

91 3171 135 3238 sie
155 3171 277 3238 santum
299 3171 358 3249 est,
380 3171 418 3238 ut
439 3174 515 3240 tuno
529 3173 568 3238 ad
584 3171 803 3240 liberationem
824 3171 966 3238 omnium
979 3169 1220 3256 subiugatorum

142 3408 288 3465 llaorime
305 3407 476 3464 testabantur
497 3409 568 3466 Tios
585 3424 641 3466 rae.
659 3423 728 3464 corr.
833 3412 862 3466 et
878 3425 929 3465 ont.
947 3408 1032 3468 oona
1133 3411 1151 3466 2
1174 3411 1221 3468 du·

91 3495 198 3550 rissime
213 3495 271 3550 ΒΤ
356 3509 436 3550 nouos
454 3493 483 3549 B
575 3495 593 3550 3
610 3494 685 3550 iiioet
701 3496 810 3566 scripsi,
827 3495 909 3550 lineat
925 3495 990 3552 labri
1083 3497 1184 3566 iquos
1201 3496 1222 3554 i.

91 3582 236 3636 neeesmtas
255 3579 328 3636 Tin
345 3596 400 3636 ras.
420 3597 491 3638 eorr.
584 3581 601 3635 b
620 3581 731 3638 aduenit
751 3583 776 3636 Τ
857 3597 1011 3652 quosonqne
1028 3582 1056 3638 Ia
1140 3583 1158 3640 6
1175 3583 1221 3639 ad·

90 3668 214 3726 duxitB
310 3667 424 3722 'dadB
510 3667 865 3740 quasiinelraar‘tSebottoa
959 3667 1153 3738 praeliandiB

91 3753 125 3808 ab
142 3769 195 3810 ora.
216 3755 240 3808 Τ
340 3754 358 3808 8
375 3753 460 3824 preoii
476 3754 560 3812 m
662 3753 695 3808 12
718 3754 826 3810 sarthae
847 3753 876 3808 Β
978 3754 1013 3810 13
1029 3754 1221 3840 antististitem

90 3877 117 3930 B
202 3876 435 3945 ldportionemL
521 3877 554 3932 15
566 3876 666 3934 rumori
677 3876 809 3932 uetuitB
888 3873 970 3930 libere
982 3873 1018 3938 B,
1036 3863 1156 3930 libar’u

92 3963 124 4018 16
141 3961 301 4018 adetitatB
397 3963 431 4018 18
447 3961 563 4032 piatatis
583 3965 615 4034 Τ,
641 3961 811 4032 pittacium
836 3961 1004 4030 paetaoiaB
1096 3961 1222 4016 adomn-

91 4063 167 4104 suraa
188 4051 219 4114 Τ,
245 4047 397 4104 ooelusnras
409 4049 480 4104 eost
493 4047 620 4106 &mer
705 4045 901 4116 quadrigentas
918 4045 1010 4102 ΒΝ*
1095 4046 1131 4102 20
1146 4046 1223 4102 iden·

90 4134 172 4190 titem
193 4137 219 4188 Τ
318 4133 452 4204 “pudeo
469 4132 507 4188 L·
611 4131 643 4188 21
663 4132 864 4201 prouiniiarnm
885 4132 937 4188 TV
1038 4133 1074 4190 w
1090 4131 1224 4187 liberass-

91 4223 156 4274 runt
183 4219 211 4276 L
314 4219 349 4274 23
375 4218 483 4290 patriis]
511 4218 625 4290 propriis
652 4217 736 4274 Sim.
838 4217 874 4272 26
899 4219 1042 4288 agnouisse
1068 4217 1152 4274 mm.

90 4321 124 4377 26
142 4307 228 4378 tuno'²
243 4324 286 4392 (ut
303 4337 325 4378 a.
343 4323 362 4377 1.
380 4339 412 4378 oa
432 4325 464 4392 2)
486 4325 511 4377 T
612 4321 836 4377 deliberationem
852 4321 926 4378 Boo.
