2934 4934
447 403 682 473 Epistularum
700 401 791 458 liber
808 401 902 459 vnn.
1174 404 1240 472 235

109 612 170 660 non
204 592 365 676 relinquit.
403 593 478 676 qnid
512 595 614 678 possit
647 611 721 659 uera
749 593 841 674 fides,
875 592 1041 676 intellegat
1070 592 1125 675 qni
1160 597 1237 659 tunc

108 696 293 778 adipiscitur
305 695 466 776 beneficia,
488 699 610 779 quando
629 696 746 764 desinit
759 696 951 778 supplicaret
963 713 1019 779 ego
1035 695 1115 760 mibi
1129 695 1236 775 debeo,

108 799 192 881 quod
213 799 254 865 ad
278 799 446 865 stationem
474 819 600 884 precum
628 801 716 866 trans
739 799 881 882 Gargara
908 799 1028 883 postem
1051 797 1232 880 peruenisti.

107 907 141 968 tu
166 903 236 970 luce
262 902 473 969 conscientiae
494 903 610 969 amicos
625 903 797 969 oblitteras
818 921 882 968 uno
903 906 967 966 ate
989 903 1130 985 tempore
1152 900 1236 967 diui·

87 1005 191 1084 osisti,
215 1009 339 1072 sectans
362 1023 424 1072 non
446 1005 549 1070 solum
570 1007 743 1089 longinqua
756 1008 809 1070 sed
825 1003 942 1083 abdita,
966 1004 1014 1068 ita
1028 1007 1065 1068 ut
1079 1004 1235 1086 nusquam

107 1111 138 1172 te
169 1109 292 1191 sagacis
321 1109 394 1174 boni
422 1109 599 1192 persecutor
629 1109 778 1175 inueniat.
824 1125 947 1190 semper
976 1110 1008 1171 et
1035 1105 1088 1170 bic
1110 1105 1237 1188 quidem

108 1210 244 1278 latentia
270 1211 353 1276 inter
381 1212 501 1294 lepores
532 1211 651 1276 cubilia
682 1210 853 1295 diligebas,
889 1213 942 1276 sed
969 1226 1061 1292 saepe
1083 1208 1237 1274 latebram

107 1317 196 1380 tuam
219 1314 273 1396 qui
295 1331 401 1398 presso
422 1333 473 1380 ore
495 1315 632 1399 uestigia
653 1317 787 1380 rimatus
801 1316 850 1379 est
871 1313 1002 1378 inuenit.
1026 1329 1110 1378 nunc
1131 1311 1237 1377 altiori

107 1415 250 1496 consilio,
274 1417 377 1502 oredo,
399 1418 437 1482 nt
459 1436 614 1484 maerores
638 1418 831 1496 accenderes,
860 1420 892 1482 te
914 1416 1077 1482 bominum
1099 1416 1237 1482 coetibus

74 1519 305 1588 osubmouisti.
350 1537 424 1604 ergo
452 1521 551 1586 solum
587 1521 755 1602 pue1itiam
785 1519 923 1586 debuisti
950 1518 1237 1585 Mediolanensibus

106 1625 192 1690 tuis?
226 1625 261 1689 et
281 1623 387 1690 unum
409 1628 442 1690 te
464 1627 568 1691 msere
591 1625 763 1692 debuerant
791 1626 845 1708 qui
867 1643 998 1709 puerum
1019 1623 1235 1707 possederunt,

106 1731 136 1792 et
158 1744 238 1810 quos
261 1726 442 1794 laetificasti
464 1730 501 1793 de
517 1729 711 1812 amplexibus
732 1727 870 1794 debuisti
885 1729 993 1792 iuuare
1008 1726 1157 1792 consiliis.
1180 1729 1236 1791 sed

104 1829 177 1896 binc
200 1829 289 1896 alius.
318 1833 354 1894 tu
375 1830 434 1897 tibi
452 1830 666 1914 prouisionum
683 1832 811 1897 tuarum
825 1834 881 1896 aut
902 1829 1018 1913 gaudia
1039 1828 1165 1896 debebis
1180 1834 1236 1895 ant

103 1931 261 2000 lacrimas.
306 1951 362 2017 ego
391 1933 521 1999 interim
548 1934 769 1999 salutationem
800 1933 959 2017 praelatus
988 1951 1108 1998 mernor
1136 1932 1236 1998 debiti

72 2036 307 2104 adonationem
329 2036 368 2104 de
388 2055 484 2120 puero
505 2037 670 2114 destinant,
693 2037 753 2102 hoc
770 2037 854 2120 apud
869 2054 921 2101 me
942 2038 1102 2117 reputans,
1126 2036 1163 2100 ut
1178 2053 1236 2100 nec

103 2139 291 2222 inportunus
323 2140 356 2206 in
389 2145 527 2224 tempore
555 2139 749 2207 diffidentiae
777 2159 853 2206 suae
880 2139 1023 2205 uinceret
1051 2140 1084 2203 et
1108 2155 1233 2203 cessam

104 2241 187 2308 inter
211 2241 433 2325 desperationis
456 2242 541 2308 mala
562 2244 721 2327 gauderet.

643 2428 698 2494 XI.

492 2563 631 2621 FAVSTO
651 2563 843 2620 nubemus.

71 2716 94 2757 so
146 2689 275 2772 Suscepi
309 2687 431 2753 litteras
464 2686 633 2773 multiplici
666 2687 850 2770 gaudiorum
885 2688 957 2753 dote
993 2688 1164 2770 locupletes
1203 2691 1235 2753 et

103 2793 240 2875 gretiam
273 2791 355 2856 circa
388 2809 444 2856 uos
477 2789 528 2855 dei
562 2808 656 2872 quam
685 2807 833 2856 noueram
856 2791 1048 2855 nuntiantes.
1094 2791 1234 2873 protinus

102 2895 241 2962 testibus
253 2893 370 2961 Christi
383 2893 483 2959 nostri
507 2913 579 2959 cum
601 2893 844 2976 lacrimisque
867 2895 1055 2978 suggerebat
1077 2893 1232 2978 hilaritas,

104 2999 246 3066 indicata
268 2996 402 3081 patefeci
426 3001 457 3062 et
480 2999 561 3080 quod
583 3017 638 3081 per
661 2997 743 3080 ipsos
764 2999 958 3080 inpetratum
988 2997 1090 3063 tuerat
1113 2996 1231 3081 gratias

152 3238 324 3307 lrelinqnid
342 3239 369 3293 L
464 3237 532 3292 fedis
550 3238 579 3292 Β
672 3237 813 3308 intelligat
830 3237 858 3291 Β
957 3237 1120 3292 ibenetltia
1136 3238 1165 3292 Β

101 3324 206 3378 desinet
231 3323 260 3377 Β
363 3321 453 3394 debeo]
482 3324 530 3378 deo
555 3324 584 3378 Β
687 3325 704 3379 3
730 3326 801 3390 tram
831 3324 860 3378 Β
961 3324 1110 3394 prenenieti
1137 3325 1165 3379 Β

99 3408 116 3462 i
142 3409 230 3463 lucam
258 3408 286 3462 Β
394 3410 410 3463 l
437 3409 538 3478 cupilia
563 3409 592 3463 Β
694 3409 829 3479 dilegibas
855 3409 883 3464 Β
997 3411 1014 3465 8
1041 3411 1156 3465 rimatus
1182 3413 1232 3483 eat]

100 3496 212 3549 rimatm
230 3493 273 3558 Β,
300 3495 415 3550 rimatur
432 3495 498 3560 sort.
603 3495 696 3550 alciori
720 3495 748 3550 Β
851 3496 868 3552 9
890 3511 1021 3550 maerores
1039 3497 1151 3564 scripsi,
1177 3512 1235 3551 ma·

99 3583 170 3634 tores
188 3580 231 3644 Β,
258 3581 371 3635 maiores
391 3579 488 3636 LTVb
585 3580 739 3638 accenderes
758 3581 793 3636 Β
812 3587 838 3636 ct
857 3581 997 3648 detonsa,
1025 3580 1178 3635 adcenderis
1197 3582 1234 3648 Β,

99 3665 251 3722 accenderis
269 3667 388 3736 PT'Vb,
415 3667 546 3722 aceededs
564 3667 591 3722 L
687 3667 826 3723 cuoetibns
845 3668 870 3736 (e
887 3668 996 3735 iares.)
1014 3668 1042 3722 Β
1142 3667 1175 3721 10
1192 3667 1234 3722 di·

99 3783 183 3840 buisti
209 3787 239 3842 Β
343 3759 553 3844 ιιιοᾱὶοΙιιῖιιίΒιιι
577 3789 616 3856 L,
646 3787 887 3844 mediolauinaibns
910 3787 949 3842 B¹
1053 3788 1084 3841 11
1111 3791 1140 3842 te
1157 3803 1192 3842 ec
1209 3789 1234 3842 ti

97 3869 125 3923 L
220 3873 329 3958 tenebre
346 3874 373 3930 L
467 3873 683 3944 possideruntB
801 3874 834 3928 12
850 3871 1007 3944 anplexibus
1024 3873 1053 3927 Β
1140 3873 1235 3927 iubare

96 3975 126 4030 Β
231 3977 265 4032 14
282 3977 457 4047 prasianatua
475 3977 504 4031 Β
590 3994 694 4034 memor
712 3977 738 4033 d.
757 3976 928 4032 donatiouem
945 3992 996 4032 cau
1015 3977 1042 4032 L
1058 3979 1091 4032 ia
1102 3993 1154 4047 sap.
1167 3975 1233 4032 odd.

96 4077 131 4116 m.
150 4067 209 4118 ont.
299 4063 332 4118 lb
349 4061 415 4118 haec
433 4063 473 4118 L¹
559 4065 685 4134 repetens
703 4063 731 4118 Β
820 4063 852 4118 17
870 4063 1062 4132 disperationis
1079 4061 1169 4117 BLV

149 4164 196 4220 XL
233 4165 269 4220 20
291 4165 391 4236 suscipi
414 4165 442 4221 Β
544 4166 691 4235 locupletes
713 4166 777 4232 Pb,
804 4166 945 4235 locupletis
970 4165 1012 4229 Β,
1039 4165 1188 4235 locupletas
1207 4165 1234 4220 L

97 4248 151 4304 TV
253 4251 287 4306 21
316 4253 435 4322 grauium
461 4252 490 4306 Β
592 4253 752 4308 nunciantes
775 4253 803 4307 Β
905 4251 941 4306 22
968 4251 1112 4321 sugerebat
1137 4251 1164 4306 Β

96 4335 132 4390 23
150 4337 311 4406 imperatum
332 4337 358 4392 1·
