2934 4934
219 369 334 440 Opuso.
352 369 375 424 Ι.
396 371 629 440 Panegyricus
646 371 760 428 dietus
778 373 853 443 regi
871 371 1086 429 Theoderico.
1153 377 1216 444 26?

86 563 159 626 aute
188 561 220 625 te
248 556 311 624 fnit
341 575 431 624 omne
460 561 543 642 quod
571 561 681 640 noluit,
709 563 742 628 in
771 580 835 646 qua
862 562 973 630 titulos
1004 561 1144 632 obtinuit
1164 564 1218 647 qni

87 663 165 728 omit
187 663 441 729 aduersariorum
462 663 616 748 sangnine
639 664 838 747 dignitatem,
866 666 950 750 apud
972 684 1068 749 qoem
1090 685 1218 750 oompos

86 767 132 830 est
157 765 305 850 nulgabr
327 765 482 833 numium
516 769 602 848 (nam
624 767 713 834 ouius
736 769 806 852 plus
832 768 1009 836 rubuerunt
1031 770 1096 838 telo
1117 772 1218 838 lusa

84 870 185 952 mine,
219 871 274 936 ille
300 874 430 953 putatus
463 871 608 936 estsine
637 870 982 958 ambagesnbiimiorb,
1017 891 1112 956 qnam
1144 875 1218 941 ante

63 971 320 1038 sdimioetionem
349 974 438 1038 tuam
467 990 530 1037 non
558 974 689 1057 eontigit
710 975 873 1059 mposisse
894 974 1111 1055 resistentem,
1139 992 1219 1058 quae

83 1075 214 1158 prolixis
237 1075 428 1158 temporibus
451 1075 516 1141 solo
538 1075 622 1142 bella
643 1079 875 1144 eonsummauit
897 1095 1037 1143 eronmn
1075 1077 1133 1144 bes
1155 1095 1217 1144 non

83 1181 250 1242 montanae
272 1181 388 1258 strues,
417 1196 479 1243 non
506 1177 671 1244 fluminum
699 1177 849 1258 obiendo,
883 1198 945 1245 non
967 1179 1075 1263 negoti
1095 1181 1217 1266 egestas

82 1279 229 1345 alimenti
256 1277 290 1343 in
318 1282 422 1344 artum
451 1279 647 1346 nenessitatis
675 1281 745 1365 lege
773 1281 948 1362 eontinuit‚
981 1282 1058 1348 dum
1087 1284 1217 1351 meeum

82 1384 163 1449 satis
185 1399 254 1446 esse
277 1381 317 1446 ad
338 1381 468 1448 telimas
491 1383 597 1465 equini
618 1383 739 1466 peeoris
759 1385 810 1450 iao
824 1386 941 1467 potare.
964 1383 1036 1466 quis
1059 1385 1139 1450 ierat
1161 1385 1218 1452 ad-

50 1485 269 1563 reuerentiam,
298 1483 352 1568 qui
374 1485 508 1568 pernicis
537 1487 672 1552 iumenti
694 1485 842 1552 benetioio
864 1487 965 1552 enrrit
992 1487 1025 1552 et
1055 1488 1218 1571 pasoitur?

81 1587 258 1670 quidquod
281 1589 313 1653 et
335 1586 400 1654 illis
424 1587 615 1654 animalibus
638 1589 782 1655 indicunt
795 1590 956 1656 studiosae
978 1589 1071 1657 muris
1095 1592 1215 1674 patien-

82 1691 175 1774 tiam,
198 1709 254 1772 per
276 1707 355 1774 quae
378 1691 511 1756 esuriem
533 1692 636 1758 uitare
658 1691 857 1759 didieeruntt
885 1694 1148 1777 quemadmodum
1168 1693 1216 1779 iit,

81 1796 118 1859 ut
148 1793 272 1860 ieiunae
300 1795 473 1877 oomipedie
501 1811 604 1860 sessor
630 1794 805 1862 uisceribus
831 1796 917 1864 eibos
947 1797 1105 1876 extrahet,
1139 1814 1216 1881 quos

80 1897 138 1963 ille
172 1915 213 1962 ne
245 1897 408 1974 conderet,
442 1897 606 1982 diligentia
639 1898 816 1965 instruente
849 1901 1028 1983 prospexit?
1060 1899 1110 1966 bis
1142 1901 1216 1966 ante

48 2001 224 2066 remundus
238 2001 365 2084 peruius
390 2019 455 2066 esse
477 2001 677 2068 medebatur:
699 2019 785 2068 nune
806 2002 896 2068 iilam
918 2003 979 2070 sibi
993 2006 1118 2069 tautum
1132 2004 1216 2070 orbis

80 2103 208 2186 partem
240 2104 444 2170 interclusam
477 2104 663 2183 aestimant,
697 2123 791 2187 qnam
819 2105 925 2172 ueris.
962 2105 1080 2172 onreim
1113 2106 1217 2172 mrdta

80 2207 281 2285 emerendo,
304 2224 343 2270 ne
357 2205 503 2290 pigrioris
525 2204 594 2271 stili
614 2206 694 2274 nitio
716 2225 803 2274 serus
824 2207 983 2288 aduenire,
1006 2228 1045 2274 ne
1059 2209 1216 2276 Romanae

80 2311 133 2375 far
156 2309 263 2376 cunae
285 2307 339 2374 diu
361 2309 395 2374 iu
410 2309 555 2376 umbram
578 2315 684 2376 ooaota
707 2310 828 2377 tardius
850 2311 1017 2378 eluoeseat.

53 2456 55 2460 -
122 2411 214 2478 Inter
224 2411 310 2478 uitae
325 2410 471 2478 tiroeinia
482 2413 515 2478 et
526 2413 758 2498 triumphorum
769 2415 987 2482 maturitatem
997 2414 1118 2499 pectori
1128 2433 1215 2488 sacro

46 2515 234 2581 eudemum
249 2514 348 2580 nostri
363 2514 506 2580 eoelestis
523 2513 612 2582 fanen
626 2516 754 2583 infudit.
778 2517 842 2583 iam
856 2517 1023 2584 maternae
1036 2517 1153 2601 qnietis
1167 2519 1216 2584 di-

80 2617 212 2702 spendio
232 2635 287 2700 per
308 2616 553 2702 gubernantium
575 2619 733 2685 uilitatem
755 2622 866 2701 potens
889 2623 974 2686 terra
995 2623 1214 2686 eonsenoerat:

79 2720 145 2786 iam
157 2720 311 2786 attulerat
325 2715 457 2802 publieis
470 2721 578 2803 opibus
593 2739 653 2802 pax
667 2721 854 2788 intemerata
867 2722 1034 2802 defeotnm,
1049 2741 1123 2789 oum
1132 2723 1215 2806 apud

80 2840 136 2888 nos
152 2823 327 2890 ootidianae
339 2821 586 2905 depraedationis
602 2827 710 2889 auetm
726 2821 920 2890 euooeseibus
935 2823 1104 2890 intestinus
1117 2841 1215 2908 popu-

80 2927 164 2993 lator
188 2927 304 3008 egeret,
326 2923 380 3007 qui
402 2941 531 2990 suorum
553 2925 703 3008 prodigus
726 2927 920 2993 incrementa
940 2925 1056 2992 aerarii
1072 2945 1135 2992 non
1148 2931 1215 2994 mm

135 3201 149 3256 l
169 3199 260 3254 ualuit
277 3198 308 3263 b,
334 3198 424 3254 uoluit
437 3199 531 3268 poene
548 3215 630 3268 quom
648 3198 736 3254 naluit
752 3199 782 3254 Β
904 3199 1001 3254 titulos
1018 3199 1056 3254 M
1059 3199 1088 3267 b,
1115 3199 1216 3256 titulus

82 3283 231 3340 BDLTV
328 3283 449 3354 optinuit
475 3284 503 3340 Β
605 3284 622 3338 2
650 3285 808 3354 sanguinem
836 3285 863 3339 Β
966 3284 984 3339 3
1009 3285 1073 3342 enin
1103 3285 1136 3352 T,
1172 3286 1215 3341 oui

81 3369 111 3423 D
215 3369 367 3424 rubuerunt
385 3371 443 3438 (pr.
463 3387 481 3424 u
499 3372 578 3440 eorr.)
597 3370 625 3425 Β
728 3369 944 3440 5dimigatione
962 3371 990 3426 1,
1092 3373 1216 3441 eontiget

80 3456 132 3511 Bb
237 3456 255 3510 9
272 3453 379 3510 dilicias
398 3455 427 3510 Β
528 3457 635 3525 postero
653 3459 677 3525 (r
695 3459 778 3527 erus)
798 3457 826 3513 Β
928 3457 963 3511 10
983 3455 1102 3526 pernices
1120 3455 1148 3510 B

80 3542 200 3597 nimenti
224 3541 250 3595 Τ
351 3543 440 3595 ornet
463 3541 490 3596 Β
594 3543 631 3612 et]
650 3541 697 3628 det
714 3543 744 3597 B
846 3543 879 3597 11
903 3541 1025 3596 studiose
1048 3539 1146 3611 Iri-'Vp

78 3665 166 3718 inmas
183 3661 212 3718 Β
334 3663 367 3717 14
384 3661 504 3718 oonderit
522 3662 550 3719 Β
664 3665 736 3734 anm]
755 3664 828 3720 enim
847 3663 874 3718 Τ
991 3663 1024 3718 15
1045 3627 1215 3732 ormlpertem

79 3751 170 3819 (parte
192 3750 224 3803 iu
245 3762 300 3802 rae.
319 3747 426 3818 syllaba
443 3747 486 3804 bis
504 3747 574 3818 abr.)
596 3747 624 3805 L
727 3751 761 3806 16
787 3751 875 3806 tnerss
901 3750 930 3804 Β
1033 3749 1092 3804 ulto
1117 3749 1146 3803 Β

80 3836 116 3892 17
139 3831 211 3890 atilli
229 3833 272 3901 Β,
298 3833 366 3903 styli
383 3835 437 3904 tp,
464 3835 560 3892 stellae
584 3833 704 3892 nnnV
804 3835 889 3892 serius
906 3852 944 3906 p,
969 3850 1003 3889 ne
1021 3849 1096 3888 serus
1118 3834 1147 3888 Β

80 3922 116 3976 18
132 3919 181 3976 diu
198 3919 313 3975 instruit
330 3919 458 3976 Soiwttao
556 3919 679 3976 umbram
698 3919 790 3990 Sim,
817 3921 913 3977 umbra
926 3921 994 3976 labri
1091 3921 1124 3974 19
1142 3923 1215 3990 tyro-

78 4008 153 4062 cinia
177 4003 263 4062 BLV
381 4005 416 4060 20
441 4005 613 4076 dispendium
642 4007 680 4062 Β
802 4006 835 4062 21
862 4005 1061 4077 gubernantum
1084 4005 1150 4061 ΜΤ

78 4127 117 4182 22
127 4125 272 4184 deffeotum
284 4127 313 4182 Β
407 4127 442 4182 23
454 4092 582 4184 &manoe
593 4128 630 4194 Β,
651 4127 817 4182 oottidionae
833 4127 871 4194 Β,
891 4126 1064 4196 equotidiane
1080 4127 1150 4183 ΒΜ

78 4215 162 4354 ffb
179 4212 281 4354 dm
390 4211 425 4268 24
451 4214 537 4283 egerit
562 4214 705 4284 populator
730 4211 842 4268 DLTV
948 4211 1081 4283 prodigiis
1106 4212 1145 4268 L*
