2934 4934
267 359 333 424 210
625 356 742 426 Magni
759 356 888 410 Felicis
904 354 1034 410 llnnedi

270 550 379 616 berum
394 546 509 630 fatiger
524 546 740 622 incommodis,
756 546 960 628 propeccatis
971 547 1048 611 meis
1061 544 1203 612 febribus
1217 544 1392 628 tenente

268 650 397 716 addicor
418 653 450 716 et
471 653 561 728 uires,
585 667 663 732 quae
686 651 874 716 uidebuntur
896 649 1074 728 restitutae,
1096 649 1298 733 franguntur.
1319 669 1391 737 erge

269 773 324 820 ues
346 755 482 820 remedie
503 756 649 822 consueta
681 757 839 836 praestate
872 757 904 818 et
936 771 1029 820 usum
1055 753 1148 818 illum
1168 756 1295 820 mdes
1317 771 1389 820 cen·

268 857 452 924 uersatienis
484 858 650 941 inpendite,
685 860 723 924 ut
746 860 892 940 quiequid
923 857 1081 924 medidus
1115 857 1300 924 mortalium
1333 876 1391 922 neu

269 961 353 1029 ualet
375 960 452 1028 fusis
471 965 511 1028 sd
534 961 628 1026 deum
650 964 793 1029 nestrum
815 960 962 1044 precibus
984 961 1156 1044 inpetratis.
1407 981 1418 1021 c

796 1100 866 1166 XV.

660 1215 843 1272 nNNebws
863 1214 1001 1273 EDASIO.

311 1325 395 1389 Ante
418 1325 665 1408 experimentum
698 1324 870 1389 amicerum
897 1321 972 1388 fides
995 1323 1121 1388 occulta
1143 1323 1206 1387 est:
1229 1325 1391 1404 postquem

270 1429 302 1492 in
325 1426 427 1492 lucem
449 1429 643 1509 precesserit,
670 1445 776 1492 serum
799 1426 854 1509 qui
868 1425 989 1510 aliquid
1010 1427 1128 1509 seperie
1149 1423 1319 1490 habuerint
1335 1423 1391 1488 sibi

268 1531 387 1596 mentes
410 1530 536 1614 obliget.
575 1531 752 1594 esttamen
779 1529 873 1593 nimis
894 1528 994 1594 libera
1027 1528 1174 1608 seruitus,
1203 1546 1283 1612 qnae
1316 1528 1419 1592 carne

268 1634 442 1700 exhibetur.
465 1633 611 1698 confiteor
633 1632 843 1716 magnitudini
864 1634 954 1696 tuae:
982 1630 1102 1696 latebat
1133 1650 1184 1698 me
1218 1633 1289 1697 ante
1313 1631 1390 1697 rele-

269 1739 387 1802 tienem
409 1737 548 1802 heminis
581 1736 645 1800 mei
678 1735 754 1817 quid
786 1737 821 1801 in
853 1735 1048 1800 sublimitate
1081 1737 1138 1800 tua
1166 1738 1200 1800 et
1220 1734 1345 1817 asperis
1365 1737 1392 1798 et

270 1841 390 1923 gratiae
412 1839 470 1904 sub
492 1838 591 1904 nobili
606 1837 789 1904 hnmilitate
806 1838 1017 1904 delitesceret:
1036 1838 1130 1904 didici
1153 1836 1326 1921 hominem,
1342 1839 1391 1921 qui

271 1961 382 2007 cenem
404 1942 520 2008 infide
543 1942 780 2022 beatitudinem,
816 1943 892 2007 dum
925 1943 1095 2008 amicerum
1119 1941 1297 2007 absentiam
1319 1944 1392 2007 bene

268 2047 393 2122 tractet,
416 2050 587 2129 exsuperet.
617 2047 709 2130 plura
730 2047 858 2129 quidem
879 2045 1038 2113 discedere
1060 2047 1258 2129 promiseras,
1276 2046 1332 2112 scd
1355 2045 1419 2110 ade

267 2151 395 2234 genium
417 2150 621 2216 censcientias
637 2154 710 2215 tuae
727 2151 846 2215 meiere
860 2151 1057 2233 praestitisti.
1089 2151 1213 2218 demine
1228 2149 1286 2227 fili,
1311 2149 1392 2214 selu·

268 2255 397 2319 tatienis
420 2253 623 2320 effusissimae
645 2272 762 2318 munus
783 2253 956 2337 inpertitus
969 2273 1028 2338 age
1043 2257 1138 2337 etque
1155 2253 1255 2319 habeo
1271 2251 1393 2318 insuffi-

269 2357 386 2423 cientes
409 2357 528 2441 gratiss
563 2359 600 2422 de
634 2359 695 2440 his,
730 2377 808 2441 quae
841 2357 920 2423 milri
953 2359 987 2423 in
1016 2359 1120 2441 prime
1141 2357 1272 2423 notitiae
1293 2356 1391 2421 trente

268 2461 393 2526 conlate
415 2463 497 2527 sunt.
535 2462 616 2544 qued
639 2463 748 2540 restet,
775 2462 932 2544 deprecer,
954 2465 991 2526 nt
1012 2461 1135 2527 residue
1156 2461 1215 2526 illa
1236 2460 1393 2541 mancipia

269 2565 368 2629 teneri
390 2564 454 2630 ism
477 2565 581 2630 facies
613 2583 684 2630 ecce
712 2565 860 2630 fiduciam
888 2566 927 2630 de
948 2563 1038 2629 benis
1060 2564 1319 2647 praecedentibus
1340 2564 1420 2627 (le-e

267 2670 483 2734 scendentem:
507 2671 560 2751 qui
583 2673 654 2734 ente
677 2669 784 2753 ignete
798 2687 904 2754 preces
921 2667 1080 2733 metuebat
1102 2668 1220 2746 efferre,
1243 2667 1310 2733 iem
1332 2685 1392 2732 nen

267 2770 393 2836 dubitet
410 2773 572 2854 imperare.

787 2873 874 2940 XVI.

625 2991 808 3048 ENNODIVS
835 2991 1034 3047 BARBARAE.

308 3096 379 3162 Non
401 3116 457 3181 ege
480 3097 576 3163 debiti
599 3099 754 3164 inmemor
776 3099 815 3162 ab
835 3098 944 3164 officiis
960 3099 1135 3182 temperaui
1150 3113 1206 3165 nec
1222 3102 1422 3167 constitutae

266 3199 440 3281 despiciens
462 3202 680 3285 garrulitatem
702 3222 804 3268 meam
820 3206 860 3268 eb
876 3202 1017 3286 obsequii
1031 3203 1220 3270 exhibitione
1234 3204 1389 3289 suspendi.

318 3385 568 3442 limcemmedisB
667 3388 1051 3444 dsuidebanturreetituteB
1146 3389 1323 3449 decanteeB

266 3471 440 3539 bprseeibus
457 3473 485 3526 Β

317 3557 375 3626 XV.
410 3560 620 3630 9pr0ceeserint
636 3562 665 3615 Β
762 3561 796 3615 10
812 3563 863 3631 est]
882 3565 910 3614 et
931 3561 962 3625 Τ,
989 3564 1047 3616 aest
1065 3562 1103 3616 ΒΙ
1194 3565 1286 3636 nimis]
1304 3566 1392 3620 minue

268 3644 349 3698 Sirm.
446 3646 477 3700 ll
496 3647 681 3717 magnitudini
699 3648 945 3716 (postmitteret.)
964 3648 992 3702 Β
1077 3649 1166 3704 lsebet
1183 3666 1281 3706 mem
1296 3653 1322 3706 B

269 3729 300 3781 13
318 3729 482 3786 delitisceret
498 3731 625 3788 BL¹TV
723 3734 757 3788 14
776 3733 926 3788 absentiam
942 3735 1017 3802 (absc
1033 3737 1067 3792 in
1083 3741 1150 3800 ras.)
1167 3735 1196 3790 B
1299 3739 1331 3792 15
1349 3754 1393 3791 eu·

266 3817 368 3884 superit
384 3815 412 3869 Β
517 3818 549 3872 16
570 3818 624 3874 fllis
642 3819 790 3874 amatienis
808 3819 959 3876 effussimas
975 3821 1003 3875 Β
1105 3823 1139 3878 17
1156 3823 1284 3894 imptiens
1300 3825 1394 3892 m,

265 3902 457 3972 impertieneb
556 3905 719 3960 renense
736 3905 843 3975 serpes,
871 3907 985 3976 petreae
1003 3907 1095 3975 anu,
1121 3909 1220 3978 potiris
1237 3894 1273 3976 ιζ
1297 3914 1395 3979 pen-

266 3987 354 4052 tieT,
380 3991 545 4057 pueritiaeb
650 3991 682 4045 19
710 3992 844 4061 mantipia
865 3991 893 4046 L
994 3992 1030 4046 20
1057 3993 1273 4062 praecidentibus
1295 3995 1322 4049 B

266 4073 476 4141 disesnldentem
494 4074 522 4128 Β
549 4078 617 4130 nire
640 4077 697 4142 fiee
714 4077 804 4131 lineae
818 4084 917 4145 postea
934 4077 998 4132 aed
1016 4077 1065 4132 sed
1081 4083 1151 4134 nel
1253 4079 1285 4134 21
1311 4082 1394 4135 effere

266 4157 293 4210 Β
396 4159 430 4214 22
448 4161 611 4229 inpersch

317 4243 390 4302 XVI.
425 4245 460 4300 24
477 4245 588 4301 barbare
606 4247 663 4305 BT
754 4249 789 4303 25
807 4251 956 4318 temperari
973 4250 1017 4320 (pe
1034 4251 1067 4303 irc
1084 4253 1153 4318 raa.)
1171 4251 1199 4304 Β
1250 4272 1259 4322 g
1292 4252 1326 4306 26
1345 4252 1394 4306 eb·

265 4333 341 4400 sequi
359 4331 386 4386 B
