2934 4934
254 349 298 417 54
610 344 726 424 nages
744 344 870 400 Felicis
887 342 1015 402 Ennndi

253 536 433 631 aestimant,
455 534 484 601 ei
499 538 745 626 sequanturque
766 535 919 621 pertrahit
932 536 1030 627 oratio
1043 537 1205 627 ¹inperinsa
1220 540 1371 626 mutuos.

254 639 325 730 inuio
350 656 409 736 ego
439 638 578 740 linguae,
604 638 661 730 ¹his
683 638 792 721 opibus
820 639 1043 729 reuerentiam,
1067 640 1181 731 fatum,
1217 645 1371 731 adquam

252 743 373 829 primns
395 742 525 832 cucurri,
548 742 644 833 denec
667 742 866 829 singularem.
898 745 929 810 et
952 748 1023 827 opto
1047 763 1113 819 esse
1136 746 1270 835 piurima
1293 762 1374 831 qnae

252 846 395 936 mihist
417 847 557 941 caritatis
579 845 707 934 temam
724 847 850 941 ¹agenda
871 849 1069 938 mandentur.
1089 851 1144 925 ,sed
1167 868 1245 936 quae
1267 850 1373 924 iniun

249 950 342 1043 nistis
365 950 403 1015 de
426 948 582 1042 religiosis
596 949 723 1044 ieiunis
740 948 884 1041 Speciosa
902 954 935 1031 et
948 952 1103 1036 germanis
1128 953 1202 1041 eius,
1226 953 1375 1039 muleeat
1397 972 1407 1011 c

252 1054 355 1150 auimo
376 1052 457 1137 qnod
480 1052 598 1139 inpiere
620 1071 681 1119 non
695 1054 794 1139 potui.
814 1054 899 1131 nihil
921 1056 1004 1143 enirn
1027 1075 1109 1147 nunc
1122 1058 1200 1145 initui
1219 1074 1290 1143 aaran
1305 1056 1374 1123 illis

253 1156 412 1236 residuum
434 1160 481 1224 est
503 1156 730 1242 familiaritatis
753 1160 809 1227 ant
829 1159 978 1248 pignoris,
1002 1161 1135 1229 maxime
1158 1160 1230 1246 qnia
1251 1161 1285 1248 in
1308 1162 1374 1227 dis·

253 1259 369 1327 iunctis
386 1260 566 1327 ciuitatibus
581 1260 706 1345 degunt.
730 1264 771 1333 aet
785 1282 861 1356 quas
877 1267 981 1334 tamen
997 1263 1109 1346 missas
1126 1266 1165 1329 ad
1181 1284 1230 1330 me
1245 1264 1374 1338 litteras

254 1382 323 1429 mex
345 1364 451 1437 diram.
475 1382 553 1446 qnae
575 1383 755 1456 responsum
777 1385 876 1450 ¹nsque
899 1368 938 1433 ad
962 1367 1018 1433 illa
1040 1368 1151 1452 quibam
1173 1386 1205 1433 ae
1228 1366 1376 1444 inderent

251 1469 391 1552 tempora
405 1466 612 1551 protulerunt.
646 1487 703 1556 ege
719 1488 758 1538 ne
774 1470 1024 1562 magnitudinem
1036 1473 1173 1537 nestram
1188 1487 1375 1557 suspensam
1386 1492 1408 1531 ιο

252 1572 405 1658 tenerem,
441 1571 555 1660 scripta
579 1572 760 1664 protogeni:
794 1592 865 1655 mox
887 1573 926 1637 ad
955 1590 1009 1651 uos
1036 1572 1212 1657 perueniet,
1246 1571 1375 1653 siquid

252 1674 485 1762 mercenariae,
502 1674 589 1766 ‚quod
608 1672 710 1740 libeat
732 1674 873 1741 indicari,
907 1693 989 1744 nunc
1003 1674 1268 1746 honorificentiam
1290 1676 1377 1755 sain·

249 1776 379 1852 tationis
401 1776 570 1861 inpertiens
592 1793 677 1862 rogo,
699 1780 736 1868 ut
750 1779 829 1845 mihi
845 1781 944 1865 magis
959 1798 1031 1856 eum
1046 1779 1177 1848 eeclesia
1190 1778 1375 1845 sublimitas

249 1880 355 1971 uestra
374 1881 401 1945 si
423 1900 484 1973 qna
505 1883 580 1949 sunt
594 1886 722 1965 agenda,
743 1884 916 1959 conmittat,
934 1883 1007 1966 quia
1021 1885 1096 1969 puto
1111 1899 1160 1949 me
1175 1881 1208 1947 in
1219 1881 1376 1947 adfinium

250 1985 425 2074 uestrarum
459 2002 552 2049 eausa
579 1986 631 2050 uel
660 1988 818 2051 matronae
852 1988 945 2053 amici
974 1986 1056 2073 circa
1084 2004 1139 2054 uos
1173 1984 1408 2069 diligentiam

249 2084 381 2170 pectoris
404 2104 465 2152 non
486 2087 612 2155 celasse.

756 2274 862 2341 urin.

725 2412 749 2469 A
760 2362 820 2469 F'R
832 2413 847 2468 1
859 2410 886 2467 S.

288 2534 426 2599 Lucrum
447 2532 581 2600 forsitan
603 2536 730 2618 putaret
752 2536 916 2614 inimicus,
948 2538 977 2603 si
999 2538 1257 2621 interponente,
1289 2556 1371 2621 quae

247 2635 434 2705 Ghristianis
449 2636 568 2716 indixit,
596 2638 789 2705 credentium
805 2642 925 2705 animos
940 2641 1115 2725 subegisset
1129 2646 1161 2709 et
1176 2660 1232 2725 per
1243 2641 1409 2711 diuersae

244 2740 362 2807 domini
384 2760 478 2828 grege
498 2744 634 2825 werse
656 2762 718 2809 non
742 2750 915 2825 superesset
930 2744 982 2809 uel
996 2746 1078 2811 inter
1092 2762 1205 2828 paucos
1220 2763 1239 2809 a
1253 2744 1372 2828 quibus

240 2848 342 2929 ,pessit
365 2845 428 2913 fide
452 2851 674 2930 perseuerante
696 2848 821 2913 calcari.
850 2850 962 2932 regnat
984 2849 1086 2915 annuo
1106 2850 1162 2915 ille
1183 2850 1216 2913 in
1238 2868 1372 2917 numero

245 2953 368 3029 nestro,
407 2954 459 3035 qni
489 2950 548 3018 sibi
570 2970 634 3017 non
656 2953 722 3016 tam
745 2952 778 3016 in
801 2951 1002 3018 multitudine
1025 2970 1119 3035 quam
1149 2952 1183 3017 in
1205 2950 1373 3023 deuotione

247 3053 433 3135 conplacuit
463 3055 615 3137 sumptum
637 3055 720 3121 enim
743 3058 789 3121 est
811 3057 917 3121 datam
939 3054 1071 3122 sanus
1094 3058 1303 3139 ponentem,
1332 3064 1373 3123 ut

150 3166 154 3174 ’
246 3172 350 3221 seruos
373 3154 492 3221 Christi
514 3157 685 3239 cribraret,
719 3163 756 3222 ut
783 3159 864 3241 quod
893 3157 930 3224 de
962 3158 1068 3227 tritico
1096 3159 1230 3224 inueniri
1259 3162 1407 3241 possetis

246 3258 363 3323 horreis
378 3258 568 3343 iungeretur,
592 3264 672 3343 qued
687 3264 725 3328 de
740 3262 838 3345 paleis
854 3264 893 3329 ad
908 3264 1028 3346 ignium
1044 3262 1193 3329 elimenta
1207 3263 1372 3330 transiret.

247 3359 288 3423 ad
309 3377 365 3425 uos
394 3361 569 3446 specialiter
591 3362 712 3457 dictum
735 3366 797 3430 est:
831 3364 963 3432 nolite
991 3366 1149 3444 timere,
1183 3365 1370 3448 pusiilus

343 3546 377 3601 27
405 3546 467 3603 Luc
488 3547 529 3615 12,
547 3548 581 3603 32

294 3718 307 3775 1
327 3718 468 3774 estimatur
485 3719 521 3773 T·
537 3719 695 3777 comm
797 3721 906 3790 quo-T
1006 3722 1054 3773 cio
1071 3719 1104 3781 ia
1121 3734 1171 3790 m·
1188 3718 1253 3775 add.
1274 3720 1301 3775 T

241 3804 363 3877 captiuus
381 3805 409 3860 Β
519 3806 536 3859 2
558 3806 617 3878 ego]
636 3821 700 3875 ergo
717 3806 800 3862 Sim.
903 3806 921 3861 4
942 3806 1051 3887 fibulam
1069 3805 1096 3860 Β
1200 3805 1232 3859 14
1257 3804 1282 3859 si
1298 3820 1375 3873 qnae

240 3891 257 3945 b
353 3890 386 3945 16
404 3892 543 3961 pec-storia
561 3889 601 3957 L,
627 3894 772 3961 peccatoris
793 3890 856 3948 TV¹

291 4012 383 4069 XlllL
418 4014 453 4069 18
477 4012 543 4069 atria
566 4030 617 4070 om
644 4015 695 4079 1⁷¹5
727 4013 879 4069 cohortatio
903 4014 938 4068 ad
961 4013 1141 4069 constantiam
1164 4010 1230 4067 odei
1255 4028 1290 4067 aa
1313 4026 1374 4069 rec

245 4098 270 4152 Τ
352 4100 574 4171 22pcaactfort.
659 4098 1109 4170 23qu1erbrnontameraa
1121 4102 1186 4153 Μ
1273 4096 1375 4153 Lisa-

242 4188 304 4239 tane
318 4185 380 4254 BL,
406 4186 518 4243 sathane
535 4187 592 4242 PT
686 4186 721 4243 25
739 4187 852 4242 cribrum
870 4187 909 4242 B¹
913 4186 949 4240 V¹
1047 4186 1086 4255 ut]
1106 4188 1133 4239 et
1151 4183 1179 4238 Β
1280 4188 1377 4254 pom

241 4270 333 4337 Sim,
359 4274 445 4340 possit
461 4274 619 4330 BnPrVo
723 4272 757 4327 26
776 4272 877 4341 horreis
895 4271 923 4326 L
1024 4271 1146 4341 ingninm
1165 4268 1192 4323 L
