2934 4934
358 412 476 484 opusc.
495 415 533 470 ll.
554 415 710 471 Libellus
728 431 789 487 pro
806 419 941 490 synodo.
1151 423 1217 491 305

83 603 260 674 uestium
283 607 376 671 eius.
410 607 464 670 sed
487 606 514 673 si
536 607 611 690 qnid
634 611 831 693 contemptus
853 608 1023 691 tennerit,
1046 628 1157 678 uersor
1176 631 1219 678 uo

84 710 174 790 qussi
195 708 339 776 crucum
362 711 489 794 putetur
504 727 565 776 uon
580 710 722 795 tetigisse
744 711 890 781 tornulo.
926 713 1040 780 molins
1061 715 1217 781 uoblscst

83 829 156 878 cunr
186 811 278 878 besto
301 813 399 878 Paulo
429 813 642 882 insultationis
671 831 781 880 causes
808 815 949 882 incinere
969 821 1002 884 ct
1022 819 1117 901 plenu
1136 833 1215 886 noce

81 915 214 981 testari:
237 915 479 984 inolescunt
501 916 719 1000 insipiens,
744 933 809 983 uos
830 937 888 984 mo
909 920 1112 1003 coegistis.
1140 921 1230 988 luce·-

61 1018 152 1082 scine
177 1037 249 1102 ergo
271 1019 358 1086 nullo
381 1020 547 1087 constabat
570 1020 723 1104 exemplo,
753 1023 791 1087 nt
817 1022 1015 1090 sacerdotnm
1035 1041 1120 1107 pspe
1140 1038 1215 1093 osn-

80 1122 195 1188 cilinm
215 1124 411 1204 conuocarot,
433 1122 522 1192 crios
539 1123 704 1193 arbitrium
723 1129 771 1193 cst
793 1125 935 1194 collectio
954 1127 1138 1210 synodalis?
1157 1130 1215 1196 cut

79 1243 186 1307 parua
207 1231 307 1304 orant.
328 1245 409 1312 quau
431 1227 471 1296 (le
487 1228 606 1298 uestis
628 1245 701 1298 cum
715 1229 776 1296 hec
790 1228 1004 1318 ,muttonis
1024 1229 1215 1317 facinoribus

80 1327 335 1400 damnarentur?
358 1348 459 1400 noune
482 1331 602 1400 urceos
623 1334 1006 1413 succenseamus,
1028 1334 1221 1420 quicumque

81 1433 272 1501 clericorum
293 1432 332 1506 ub
356 1434 500 1518 episcopo
523 1453 578 1502 suo
600 1440 674 1502 unte
695 1436 873 1502 concutite
894 1437 1018 1521 tompus
1039 1455 1097 1522 pro
1118 1438 1216 1506 dubia
1339 1487 1342 1494 -

46 1536 259 1621 osuspicione
282 1537 467 1619 discesserit,
491 1535 691 1606 martimum
714 1557 788 1606 oum
809 1557 937 1606 manure
958 1544 1145 1608 censuram?
1174 1543 1216 1608 ai

78 1640 177 1704 huius
198 1640 244 1704 rei
267 1639 480 1706 ministerium
503 1637 653 1706 deuotum
675 1642 733 1707 deo
749 1642 888 1724 oportuit
909 1661 1022 1726 agmen
1044 1662 1214 1726 occurrere,
1261 1719 1264 1725 ¹

77 1747 116 1808 nt
138 1742 256 1828 perditi
280 1744 312 1808 ct
338 1743 496 1830 profligati
524 1744 629 1830 gregis
657 1744 811 1810 ulceribus
840 1746 1032 1812 medicorum
1061 1747 1216 1814 exercitus

77 1847 274 1924 subueniret,
298 1849 370 1930 quia
391 1846 537 1929 quotiens
558 1849 737 1916 morborum
758 1847 912 1916 uiolentia
933 1847 1027 1916 celeri
1048 1867 1159 1935 gressu
1173 1851 1215 1918 ed

77 1952 206 2014 animae
229 1955 347 2016 secreta
369 1949 510 2028 festinat,
534 1951 642 2018 obuias
665 1969 775 2018 manus
798 1951 920 2019 adferre
935 1969 995 2019 non
1009 1950 1114 2035 potest
1128 1955 1214 2020 selu-

43 2058 149 2118 utare
173 2050 338 2118 consilium
360 2053 422 2120 nisi
445 2072 481 2119 ex
504 2053 668 2120 collatione
688 2055 870 2120 multorum.
898 2074 972 2144 nam
989 2057 1021 2121 et
1034 2055 1093 2124 hoc
1108 2076 1128 2124 a
1142 2075 1215 2140 rege

76 2157 192 2224 nostra
224 2157 365 2243 poposcit
392 2157 550 2242 allegatio,
585 2161 621 2223 ut
648 2156 779 2222 abscisis
808 2156 995 2225 clericorum
1017 2159 1216 2244 praeiudiciis

77 2265 120 2327 de
144 2261 362 2332 accusatorum
384 2280 483 2343 papae
506 2259 620 2328 meritc
642 2261 884 2345 perhumanum
899 2281 932 2328 os
947 2282 1117 2346 supernum
1131 2266 1215 2332 iudi-

78 2367 169 2431 mrot
191 2363 368 2446 imperium.
391 2363 554 2432 uideamus
573 2370 689 2444 tumen,
712 2365 741 2430 si
755 2365 871 2448 placet,
894 2370 926 2432 et
940 2365 1013 2434 illas
1029 2367 1215 2434 didascalici

78 2467 187 2535 libelli
215 2468 314 2534 uestri
342 2469 517 2552 relegamus
539 2471 680 2554 argutias
702 2469 888 2537 habentibus
909 2469 1006 2538 etiam
1027 2469 1118 2538 nobis
1141 2476 1214 2539 aute

43 2571 188 2638 sacculos
210 2571 336 2655 patrum
358 2573 545 2652 sanctiones,
569 2571 682 2656 quibus
698 2590 881 2640 excessuum
895 2576 1074 2640 cestorum
1088 2573 1213 2640 sentina

77 2678 279 2758 ponderetur.
318 2675 368 2742 lex
400 2675 613 2742 ecclesiastica
640 2674 821 2759 pontificem
852 2675 891 2741 ab
921 2675 992 2742 eliis
1020 2682 1213 2761 accusatum,

77 2779 264 2863 prinsquam
287 2777 345 2846 sub
366 2779 437 2844 lnce
459 2777 579 2844 obiecta
608 2777 820 2857 constiterint,
853 2779 951 2863 exigit
979 2798 1042 2845 non
1065 2783 1214 2866 relinqui.

77 2902 137 2948 uos
161 2900 237 2947 nero
260 2881 369 2965 diuini,
392 2881 538 2965 utputo,
561 2880 639 2946 iuris
661 2900 824 2961 memores,
853 2882 906 2965 qui
928 2881 1012 2950 leuia
1034 2887 1138 2952 errata
1159 2886 1214 2951 de·

76 2985 225 3070 spicitis,
260 2987 312 3068 qni
340 2985 461 3067 peccati
490 2983 655 3050 nobilitate
682 2984 845 3068 gaudetis,
880 3004 919 3049 ne
941 3004 1003 3051 una
1024 3005 1079 3053 nos
1101 3007 1138 3052 ex
1160 2988 1214 3054 ‹le-

43 3092 219 3155 coertione
242 3088 411 3154 sacerdotis
434 3087 526 3171 culpa
539 3087 716 3170 respiceret,
739 3087 908 3154 accusastis
925 3105 998 3156 cum
1011 3090 1214 3158 incrementis

185 3309 441 3374 sueoniam
545 3309 978 3379 acturusqusesssc1

135 3513 277 3584 lqnisl'
377 3515 524 3570 transierat
542 3513 670 3569 LPTVb
772 3515 852 3571 sees
868 3515 946 3570 nobis
965 3516 991 3570 Τ
1090 3521 1115 3575 5.
1125 3521 1214 3578 nunus

76 3605 107 3659 A
208 3601 283 3656 best
300 3601 327 3656 Τ
340 3601 373 3655 in
390 3617 444 3655 rae.
541 3599 670 3656 sinodalis
688 3599 773 3656 ΛΒΤ
864 3600 1100 3659 tidemmurontur
1117 3609 1144 3660 A

77 3727 116 3782 10
134 3721 288 3794 suspitione
304 3721 389 3778 nrm
489 3737 562 3775 aum
582 3722 644 3790 (litt.
664 3719 777 3792 llccpo
794 3723 874 3789 cros.)
892 3719 930 3788 B,
948 3686 1024 3776 heruin
1046 3723 1078 3789 V,
1105 3726 1135 3781 in
1153 3744 1214 3784 eum

75 3847 195 3914 nnnc,
222 3811 281 3902 stt
298 3847 325 3900 A
345 3846 415 3916 (cus
432 3861 453 3900 s.
466 3845 482 3900 r.
495 3863 530 3900 m.
542 3847 571 3912 a)
668 3861 802 3902 remmus
819 3845 867 3902 su
966 3845 997 3902 11
1016 3847 1099 3907 torreo
1118 3849 1146 3904 s

76 3937 114 3992 13
134 3933 244 4004 quotics
261 3931 349 3990 uam
453 3932 486 3988 14
503 3930 592 3988 adiere
609 3931 637 3985 A
734 3933 837 3988 sulum
854 3932 881 3986 L
979 3934 1012 3986 15
1031 3934 1214 3991 consolatione

74 4022 107 4077 Β
217 4018 251 4072 16
273 4023 364 4074 uestra
386 4035 414 4072 m
517 4017 641 4072 abscissis
669 4017 714 4072 Tb
817 4016 945 4090 piudiciis
968 4017 998 4074 Β
1101 4019 1133 4073 ll
1156 4022 1213 4091 per]

74 4120 134 4179 pm
155 4105 183 4161 Β
297 4105 493 4159 humanumos
511 4103 570 4168 Bb,
596 4109 677 4160 mani
695 4119 725 4157 os
743 4103 922 4170 LPBTV(
943 4100 1120 4173 Μάρκῳ
1138 4105 1214 4162 Vm.

75 4201 106 4261 1)
127 4207 165 4258 m,
193 4206 290 4245 manus
303 4207 332 4245 os
347 4192 376 4246 Δ
472 4191 506 4245 18
517 4189 642 4260 placitB
726 4189 800 4260 illas]
819 4188 995 4258 disputatoris
1007 4187 1145 4248 odmen

75 4278 260 4338 didumhslici
279 4277 307 4332 Β
409 4275 564 4348 tontibus
582 4275 680 4334 om.B
783 4276 819 4331 22
840 4276 928 4331 lucem
952 4275 1008 4332 LV
1109 4276 1213 4334 obiectu

74 4370 107 4426 Β
210 4367 246 4422 23
263 4365 336 4436 uero]
355 4363 476 4420 uelutT
570 4363 712 4434 despicitss
730 4362 759 4417 B
861 4361 1046 4420 noscemus
1063 4361 1180 4420 ⁴115ch

137 4469 184 4526 vl.
1077 4466 1113 4520 20
