2934 4934
446 378 682 448 Epistularum
706 377 797 433 liber
815 378 884 435 1111.
1169 378 1230 447 105

103 571 276 637 inebriante
296 586 358 634 non
380 568 510 647 sorbuit,
533 570 618 636 dieas
631 588 707 634 rura
720 568 902 634 diffundere.
935 570 1064 652 tingunt
1086 568 1141 634 elii
1167 568 1228 637 lin-

103 691 181 758 guae
203 672 321 738 murioe
344 690 423 755 puae
446 672 552 737 nuilus
572 672 612 736 ed
634 674 772 757 regalem
795 690 887 739 nsum
910 672 999 739 tuone
1023 671 1175 750 exhibuit,
1198 676 1230 739 et

74 843 77 846 ,
103 777 231 845 diremti
252 778 350 841 maris
379 776 489 860 ignota
510 775 623 843 eoeleie
646 776 719 841 luna
741 778 840 841 solam
861 776 964 841 luoem
990 775 1074 843 bibit
1096 774 1228 859 eloquii:

100 882 243 947 redditur
252 880 614 965 dignumprinoipelibue
624 879 820 945 indumentis
831 880 978 965 quioquid
986 880 1018 945 in
1032 880 1089 947 nili
1099 896 1228 947 munere

81 984 272 1050 arelatornm
287 983 383 1050 uerba
397 983 611 1051 eoloraueriut.
634 985 689 1050 sed
704 984 743 1052 ab
759 984 935 1051 huiusmodi
951 984 1129 1051 urbanitate
1145 985 1228 1051 uires

100 1107 149 1152 me
180 1087 301 1171 pariter
335 1090 367 1154 et
389 1088 464 1153 uota
485 1087 674 1155 subducunt
707 1089 796 1155 nulla
824 1088 963 1154 clarioris
996 1088 1064 1153 suoi
1090 1088 1228 1153 stamina

99 1212 153 1277 per
174 1211 227 1257 me
250 1192 413 1274 splendore
427 1191 621 1258 rutilabunt:
644 1209 735 1256 nemo
757 1190 879 1259 dietum
901 1194 938 1257 ds
960 1191 1063 1275 aliquo
1086 1188 1227 1255 inueniet

100 1297 182 1378 quod
205 1296 239 1360 in
261 1295 329 1360 eius
351 1294 476 1361 aetibne
498 1313 560 1361 non
582 1294 742 1378 agnoscat.
764 1293 838 1359 bine
859 1294 970 1377 pudori
991 1312 1061 1358 meo
1083 1292 1134 1357 uel
1156 1308 1227 1376 pro·

99 1400 201 1483 posito
216 1415 346 1463 manum
360 1399 494 1483 porrigo,
511 1398 594 1481 qnod
606 1397 657 1462 illi
670 1397 836 1482 praeuium
850 1397 984 1480 inpendo
999 1395 1062 1463 oris
1077 1395 1226 1473 offioium,

69 1527 93 1567 no
100 1503 151 1585 qui
173 1500 216 1567 ad
238 1500 383 1565 notitiam
401 1501 539 1566 oeetm
555 1499 651 1566 robus
666 1500 743 1565 bene
759 1500 856 1583 gestis
871 1502 1013 1567 ooenrrit
1036 1498 1228 1565 Veientium

99 1605 136 1669 V.
158 1604 195 1670 O.
217 1604 328 1687 loquor
349 1602 467 1669 ideireo
489 1623 509 1668 a
529 1623 581 1669 me
602 1604 748 1687 paginnle
782 1604 953 1688 inpetrasse
975 1602 1167 1687 obsequium,
1190 1604 1228 1669 nt

98 1710 131 1773 in
149 1728 185 1772 se
207 1708 313 1773 oeulos
334 1708 459 1773 uestrae
482 1707 711 1790 magnitudinis
732 1708 904 1787 imitaret,
926 1728 966 1774 ne
981 1726 1053 1773 eum
1068 1708 1149 1773 inter
1171 1723 1227 1771 ou·

99 1829 207 1877 rernm
227 1810 327 1875 moles
350 1810 549 1893 contingeret
577 1812 723 1894 ignorari.
748 1814 821 1877 sunt
842 1811 891 1877 illi
913 1811 1062 1895 suffragia
1082 1828 1150 1888 ene,
1172 1827 1227 1893 per

100 1933 177 1997 quae
199 1916 283 1978 inter
304 1915 464 1997 eneoeptos
487 1917 607 1980 uestros
629 1916 787 1981 mereatur
809 1914 952 1981 adseribi.
975 1912 1117 1981 exhibuit
1137 1912 1227 1979 uobis

71 2019 286 2085 nmodeetiem
308 2016 493 2100 religionem
514 2017 739 2102 innocentiam,
768 2017 881 2102 qulbus
902 2016 1080 2103 penetralia
1099 2034 1225 2083 serenae

99 2122 213 2187 inentis
236 2120 403 2187 eomitibus
424 2121 578 2188 introiret.
602 2121 783 2200 exuberant,
806 2120 886 2187 mibi
901 2120 1028 2200 madito,
1049 2121 1132 2203 epod
1153 2138 1226 2187 eum

101 2224 236 2309 iusignia
256 2244 334 2308 quae
356 2224 485 2290 fouetie:
507 2242 569 2291 non
591 2224 787 2291 landetorern
802 2244 854 2291 me
877 2225 1024 2293 eontinuo
1046 2226 1080 2293 in
1103 2244 1137 2291 eo
1152 2242 1224 2309 pro·

101 2327 216 2395 bibitio
230 2328 327 2393 iubae
342 2330 396 2394 sed
410 2330 535 2395 enom.
550 2347 617 2407 noe,
633 2329 680 2393 mi
694 2328 829 2407 domine,
845 2328 994 2412 perlatori
1010 2328 1224 2415 dignationem

99 2432 235 2515 principe
255 2432 325 2498 looo
348 2430 488 2509 tribuite,
511 2451 550 2497 ne
573 2432 623 2498 nir
643 2433 743 2499 bonne
759 2432 900 2501 nouitate
922 2435 1083 2501 turbetur:
1104 2431 1224 2515 liquido

70 2534 196 2599 auderit
218 2537 361 2617 pertibus
383 2536 451 2601 suis
471 2537 505 2603 et
518 2537 604 2603 uitae
626 2539 736 2619 opibus
750 2537 896 2621 pensabit
917 2536 1031 2605 menne
1046 2535 1224 2603 uerborum.

638 2706 679 2773 X.

390 2834 625 2891 Tnnsfflvrino
643 2836 675 2891 V.
695 2836 719 2891 1.
736 2836 927 2895 ENNODIVS.

135 2944 206 3011 Non
219 2947 379 3014 tenuemus
390 2966 441 3013 me
451 2950 492 3014 ed
502 2949 646 3033 paginale
658 2948 904 3025 duritoifioium,
916 2950 1039 3033 quando
1050 2948 1224 3018 adomnem

98 3051 344 3116 eommunionem
365 3050 527 3117 subditum
548 3073 640 3119 auum
672 3055 777 3138 regiae
803 3054 910 3137 stirpis
945 3073 1074 3137 germen
1095 3052 1222 3121 inuitat.

69 3154 142 3215 aest
156 3153 239 3217 enim
254 3154 332 3219 baso
346 3154 473 3221 claritas
489 3155 688 3221 dominorum
709 3157 828 3223 inserte
842 3156 1011 3236 natalibus,
1033 3158 1070 3223 ut
1085 3158 1224 3225 eulmina

98 3272 150 3321 sua
171 3254 351 3340 dignatione
366 3259 549 3327 subliment.
572 3260 671 3326 uultis
694 3262 785 3343 quasi
800 3262 945 3344 aequales
961 3264 1098 3329 traotare
1121 3261 1223 3327 iamn-

146 3416 316 3499 neruiue
407 3446 765 3517 engmtnoneugant
778 3450 861 3516 nou
874 3467 922 3507 ene
934 3452 1019 3509 aem.
1110 3452 1222 3508 emun-

98 3538 139 3579 eae
161 3525 188 3581 L
289 3530 393 3585 exibuit
419 3530 474 3586 TV
572 3533 724 3589 3ooohleie
749 3535 792 3591 Tb
897 3540 984 3593 solum
1010 3540 1044 3595 Ρ
1146 3542 1223 3597 bme

98 3610 245 3669 urbanitate
262 3616 333 3670 uires
356 3615 478 3674 LPle
581 3620 598 3675 6
620 3623 715 3707 mii
738 3623 766 3677 Β
870 3624 993 3680 clarioris
1012 3626 1089 3693 (olari
1106 3627 1137 3681 iu
1154 3630 1222 3695 rue.)

98 3712 123 3765 Β
204 3718 274 3771 sueri
293 3716 324 3783 Τ,
347 3718 404 3774 inci
422 3721 465 3776 Pb
559 3724 665 3795 enine]
684 3726 748 3781 huie
768 3728 795 3783 Τ
807 3734 840 3783 ut
857 3730 971 3785 uidetur
1066 3731 1221 3800 9proulum

98 3798 124 3850 Β
205 3802 240 3857 10
256 3804 356 3859 notitia
374 3804 403 3860 Β
489 3812 515 3864 i.
535 3808 606 3877 Ν,
633 3810 665 3865 nic
682 3810 746 3877 BL,
771 3830 834 3868 uero
855 3816 885 3883 Τ,
908 3831 979 3872 nuno
997 3816 1039 3872 Pb
1131 3817 1220 3874 1110-

98 3934 158 3987 quor
176 3921 388 3983 Leimone
491 3930 586 3986 ieoireo
606 3936 632 3987 Τ
730 3900 876 4005 impsirasee
892 3938 920 3995 L
1024 3941 1057 3996 13
1083 3940 1221 4008 ignoraret

100 4022 131 4076 n
223 4027 257 4082 15
269 4031 456 4097 perornan
550 4009 722 4093 noemin
817 4041 1015 4098 nunonem
1109 4044 1221 4114 nopae-

97 4112 165 4164 rauit
181 4113 210 4168 Β
310 4117 462 4188 uerborum]
480 4120 543 4176 finio
558 4122 625 4179 edu.
644 4123 672 4177 Β

143 4214 483 4278 amurmn
580 4212 751 4283 affin
850 4230 1157 4289 mmmm?

97 4296 130 4351 os
146 4299 302 4370 dignatione
318 4306 405 4374 (tione
421 4324 443 4363 r.
461 4310 480 4363 t
496 4326 531 4367 m.
549 4314 579 4377 2)
600 4312 626 4366 Τ
