2934 4934
258 394 323 461 118
615 392 734 461 Regni
750 390 877 447 Felicis
895 390 1026 447 llnuodi

258 582 404 649 caritatis
427 582 466 649 ad
489 580 590 647 officia
611 581 776 664 peregrine
806 580 1048 647 transducerem.
1081 581 1137 646 sed
1172 582 1298 647 mactus
1321 601 1387 647 renr

260 686 445 771 diligentiae
467 684 646 751 necessariis
660 682 861 749 commutaui.
885 683 1029 749 sublimis
1050 685 1181 751 enimet
1203 684 1388 769 magnificus

259 790 311 855 uir
333 808 391 871 pro
411 788 527 854 dolosis
549 786 747 854 inimicorum
770 788 890 853 laboret
905 786 1038 867 insidds,
1062 789 1114 871 qui
1130 806 1185 872 per
1206 807 1257 853 me
1278 792 1387 872 seqni-

260 892 339 959 tatis
360 897 486 959 uestrae
505 892 643 974 inploret
658 890 877 973 patrocinium,
900 908 940 956 ua
957 908 1054 973 prena
1076 891 1273 957 oondnnstio
1284 892 1387 973 opini-

261 1014 354 1063 onem
375 996 443 1061 eiua
454 992 660 1080 permittetur
673 994 823 1061 incessere
842 997 874 1061 et
889 994 1036 1061 febrienti
1051 993 1186 1060 rumoris
1207 992 1289 1059 ferat
1302 993 1387 1061 ferte
1407 1024 1419 1065 s

260 1099 478 1185 conpendium.
500 1099 624 1165 domine
646 1098 700 1176 mi,
723 1098 943 1165 salutationem
965 1096 1175 1181 largissimam
1198 1097 1308 1163 dicens
1332 1100 1387 1163 de·

260 1222 380 1288 precor,
402 1206 438 1267 nt
460 1202 515 1267 illa
535 1200 590 1285 qui
610 1200 644 1266 in
665 1200 757 1267 uobis
779 1206 873 1267 notns
895 1200 1055 1283 astriger
1078 1202 1227 1283 adsurgat
1249 1208 1282 1265 et
1305 1200 1388 1283 qnod

259 1306 446 1390 enantibus
467 1306 583 1371 uestris
605 1304 743 1388 poscitur
765 1305 826 1369 mei
849 1304 999 1370 sermonis
1015 1304 1161 1386 obsequio
1184 1304 1225 1369 ed
1247 1305 1388 1388 inpetra-

261 1410 380 1475 tionem
401 1425 570 1491 congruam
592 1410 787 1490 perducetur.

743 1576 906 1644 XXVIIII.
1305 1658 1309 1663 ‚
1397 1608 1419 1647 ro

657 1714 774 1772 PAPAE
797 1713 986 1770 ENNODIVS.

306 1822 458 1889 Caelestis
482 1819 654 1885 utilitatem
689 1820 867 1902 sequacium
901 1837 975 1885 cura
1005 1819 1158 1904 disponit:
1192 1820 1388 1905 inauspicata

261 1925 341 1991 bene
365 1925 403 1990 de
426 1923 483 1988 deo
505 1922 695 1989 merentibus
711 1923 793 1987 dona
807 1920 1006 1989 tribuuntur:
1024 1924 1142 2006 ingerit
1164 1942 1300 2006 superne
1323 1926 1386 1991 dis·

262 2027 405 2114 pensatio
439 2027 533 2092 etiam
566 2022 648 2107 qnod
682 2026 859 2109 supplicare
893 2026 1071 2091 humanitas
1105 2044 1166 2093 non
1202 2029 1386 2110 praesumit.

226 2160 246 2184 ν
263 2131 460 2215 agnoberunt
475 2128 645 2192 aduersarii
660 2128 744 2193 sedis
762 2130 959 2213 uestraeque
976 2133 1189 2214 propugnante
1208 2132 1386 2215 uincantur,
1397 2156 1419 2195 ιε

262 2236 343 2319 quod
358 2230 495 2316 proxime
511 2232 549 2296 de
559 2228 754 2315 Aquileiensi
769 2230 945 2317 redemptor
960 2236 1066 2297 noster
1078 2250 1208 2314 persone
1223 2234 1385 2300 reserauit.
1455 2274 1456 2311 ÷

261 2341 293 2402 et
315 2334 384 2401 ideo
406 2335 490 2401 inter
506 2332 689 2400 excellentia
712 2353 876 2400 munerum
892 2336 1070 2401 diuinorum
1090 2339 1172 2421 peto,
1196 2341 1232 2401 ut
1255 2340 1318 2402 mei
1336 2356 1386 2403 oo·

260 2459 338 2509 rona
352 2445 458 2506 uestra
472 2436 652 2506 meminisse
668 2458 729 2505 non
746 2442 868 2521 abnuat.
884 2440 999 2504 inuitat
1015 2441 1099 2504 enim
1113 2438 1151 2504 ad
1169 2436 1387 2507 famulandum

258 2544 413 2629 plurimos
436 2544 490 2626 qui
511 2541 654 2627 quamuis
670 2542 761 2627 longe
776 2543 914 2627 positum
930 2542 1034 2627 diligit
1051 2541 1280 2627 obsequentem.
1306 2544 1386 2610 uale.

772 2728 872 2798 m·
1396 2761 1421 2799 ro
1454 2746 1455 2817 ζ

580 2866 765 2923 nvdnnnrl
782 2868 815 2922 V.
834 2868 857 2923 I.
876 2865 1067 2923 ENNODIVS.

304 2974 476 3056 Postquam
499 2973 603 3056 prime
625 2972 693 3056 spei
720 2990 808 3041 meae
830 2972 974 3039 ellectum
997 2972 1106 3039 dedere
1139 2973 1314 3056 conloquia,
1348 2975 1386 3041 ed

259 3094 352 3143 usum
367 3076 519 3142 sermonis
534 3094 588 3141 ora
604 3075 659 3142 diu
673 3075 786 3143 feriata
800 3076 917 3143 laxauit
932 3077 1088 3145 animatur
1099 3074 1183 3141 enim
1194 3078 1387 3144 successibus

261 3178 359 3244 etiarn
389 3176 441 3244 oui
472 3197 528 3262 per
562 3178 784 3246 conscientiam
817 3196 878 3245 non
912 3177 1053 3263 subpetit
1073 3177 1208 3246 Latiaris
1242 3181 1387 3248 eruditio.

259 3282 455 3348 cessantibus
476 3280 591 3346 endiis
613 3298 706 3364 saepe
728 3277 898 3347 facundum
920 3282 1034 3367 gaudia
1055 3282 1278 3349 reddiderunt:
1302 3300 1423 3350 mae-rs

312 3465 442 3522 xxvm
478 3467 494 3521 1
522 3466 742 3536 peregrinaturus
768 3467 889 3522 ducerem
917 3466 942 3521 I*
1048 3467 1067 3522 4
1094 3468 1263 3524 eontinmtio
1291 3470 1319 3525 Β

259 3554 277 3609 6
294 3552 402 3609 domine
419 3568 468 3609 oea
487 3552 523 3619 B,
550 3551 654 3606 domini
671 3552 699 3606 B
716 3555 749 3619 (a.
769 3554 833 3609 tm.
844 3550 937 3622 rect)
956 3553 971 3607 b
1069 3553 1108 3608 mi
1126 3552 1157 3622 Τ,
1181 3554 1249 3609 mibi
1266 3553 1388 3621 BLPV,

257 3642 346 3695 nostri
363 3640 392 3695 Β
410 3635 471 3709 (ai.
484 3657 518 3695 m.
529 3638 619 3709 reci)
638 3638 655 3694 b
749 3639 767 3694 8
784 3638 968 3710 impmandnm
986 3638 1013 3693 Β
1107 3640 1124 3693 9
1142 3642 1273 3711 congruit
1290 3641 1319 3696 Β

259 3726 433 3796 pareatur]
450 3724 515 3783 linit
530 3722 598 3783 aad
613 3722 643 3779 Β
934 3780 942 3793 ‚
1265 3714 1273 3727 '

311 3810 457 3868 XXVIIII.
494 3810 527 3865 12
545 3810 705 3881 'sequatiunr
731 3810 787 3866 Μ’
887 3810 1073 3883 mempieef
1174 3811 1208 3868 13
1231 3813 1263 3869 de
1286 3813 1335 3869 deo
1353 3829 1391 3869 ec

259 3897 341 3953 debeo
359 3896 387 3952 Β
488 3895 560 3952 bona
577 3896 616 3953 Π
720 3894 822 3967 ingerit
840 3913 861 3951 s.
880 3894 1044 3967 dispensatio
1063 3910 1113 3952 oen.
1133 3894 1159 3951 Τ
1261 3898 1294 3953 14
1310 3914 1391 3971 pree·

259 3986 348 4038 sumet
365 3983 394 4038 Β
497 3983 531 4037 16
547 3982 711 4054 equiligensi
728 3980 766 4048 Β,
792 3981 931 4053 aquiliensi
952 3980 979 4037 Τ
1078 3982 1111 4039 17
1133 3998 1273 4039 nnmerum
1292 3982 1319 4041 L

309 4153 393 4213 m
428 4154 463 4210 di
481 4154 602 4225 engeniti
618 4159 659 4210 de.
677 4153 706 4209 Β
790 4152 825 4208 Id
842 4153 951 4209 dederet
967 4154 1004 4210 1¹¹
1026 4194 1031 4205 .
1102 4156 1137 4212 24
1154 4154 1265 4212 latim
1283 4154 1320 4221 Β,
1345 4156 1393 4212 le·

257 4240 331 4295 naris
349 4240 375 4295 I
470 4238 505 4296 lo
521 4240 688 4297 mentibus
705 4254 770 4310 erqo
787 4240 832 4296 Pb
930 4240 1060 4297 lemndm
1071 4243 1108 4308 B,
1125 4240 1268 4299 lacondni
1283 4244 1318 4300 2¹¹

255 4325 368 4380 meroris
386 4324 498 4381 13an
