2934 4934
181 409 218 457 VI

180 579 324 660 idemque
348 578 390 644 eie
413 582 463 644 est
483 577 609 662 habitus
627 615 667 626 -
682 578 994 644 monocerotem
1013 580 1157 646 cotunocs
1171 601 1211 646 en
1232 581 1314 649 belle

181 681 334 747 minuente
355 682 457 746 tiruoat
478 700 535 746 cor
558 681 591 747 io
610 679 765 764 octoque,
788 701 859 746 avec
872 680 1018 747 tribules
1031 683 1163 750 coloreas
1178 690 1206 750 et
1219 687 1312 752 titrce

181 785 336 852 bt'cocrc
364 803 474 870 roaqec
508 785 643 870 catalogi
672 786 747 851 sunt
775 785 870 851 uerba
891 786 931 851 de
957 786 1090 869 cingulis
1117 789 1234 854 iterate
1253 825 1309 870 —,

181 889 227 955 ita
248 890 389 954 eiusdem
408 893 482 955 eunt
503 888 641 973 originis,
670 889 703 954 in
726 888 918 954 monasterio·
934 889 1045 956 Clarae
1067 889 1168 956 Vallis
1189 892 1312 975 scripti.

182 1010 282 1075 neque
302 993 409 1058 temen
431 1011 509 1074 quae
532 991 663 1074 quisque
677 1009 784 1057 eorum
799 1010 883 1058 nuuc
899 995 1043 1070 continet,
1067 992 1142 1058 oiim
1163 994 1313 1076 separate.

182 1095 216 1159 et
236 1115 293 1178 per
310 1113 344 1160 ee
360 1095 533 1174 mutabunt,
556 1096 611 1160 ced
625 1097 664 1161 ab
686 1095 776 1160 initio
792 1095 1020 1178 quaterniones,
1042 1094 1076 1161 id
1098 1098 1180 1178 quod
1201 1116 1312 1163 eorum

182 1198 272 1281 signe
294 1200 454 1282 euincunt,
484 1199 543 1264 hou
570 1197 676 1266 ordine
705 1216 772 1263 sese
796 1203 990 1282 exceperunt.
1026 1198 1183 1281 descripte
1203 1203 1314 1266 autem

181 1304 254 1367 eunt
276 1301 459 1367 Eunodiane
479 1320 558 1383 quae
580 1305 643 1367 tren
666 1301 786 1367 codices
809 1304 970 1368 continent
984 1321 1003 1368 a
1017 1302 1149 1368 diueruio
1170 1303 1310 1370 librariis

181 1422 217 1470 ex
254 1421 315 1470 uno
352 1403 535 1488 archetypo,
578 1407 665 1470 cuiue
701 1403 838 1486 aequalis
874 1405 993 1470 indoles
1030 1406 1194 1487 scripturis
1230 1406 1313 1473 eatis

182 1509 386 1591 cognoscitur.
419 1510 513 1592 atque
534 1507 568 1574 id
590 1509 709 1573 certum
731 1508 792 1586 eet,
815 1507 920 1573 miuus
942 1511 1060 1574 certum
1085 1505 1158 1590 quid
1182 1509 1220 1574 de
1240 1527 1312 1575 cor-

185 1611 314 1677 rectorie
347 1611 498 1693 codicum,
533 1629 613 1695 quae
636 1628 698 1690 nou
720 1611 860 1693 iptorum
889 1611 1130 1678 describentium
1163 1613 1310 1678 manibus

182 1713 282 1780 iactae
304 1727 388 1797 eunt,
412 1717 579 1782 statuatur.
603 1716 774 1780 cumcuim
796 1716 861 1780 trec
876 1713 996 1780 codices
1011 1733 1071 1780 non
1087 1734 1151 1781 unu
1172 1719 1313 1782 enecare

183 1816 302 1896 liceret,
332 1820 490 1885 sedunus
516 1822 586 1902 poet
613 1819 749 1886 alterum
772 1817 991 1882 vindobonam
1012 1819 1203 1897 mitteretur,
1226 1817 1309 1901 quod

182 1920 242 1986 nisi
273 1923 419 1988 accurata
446 1922 661 2006 frequentique
691 1919 921 2004 comparatione
947 1921 1068 1989 definiri
1088 1922 1208 2005 nequit,
1230 1940 1313 1988 uuun

183 2023 413 2104 uiteramanue,
431 2044 509 2110 quae
521 2024 779 2109 conspiciebatur,
792 2044 847 2108 per
858 2043 965 2091 omnes
977 2025 1096 2092 codices
1108 2024 1311 2090 unaeadcm-

181 2145 240 2210 que
256 2128 476 2196 correctionem
492 2129 656 2209 curauerit,
671 2127 775 2194 dicore
790 2145 851 2194 nou
867 2145 1001 2212 possum.
1018 2130 1103 2194 certe
1117 2147 1153 2194 ea
1167 2128 1311 2194 eiusdem

184 2228 246 2298 iere
268 2233 416 2314 temporie
439 2231 605 2298 uidebatur
627 2236 659 2297 et
680 2250 759 2319 quas
787 2231 966 2316 suppeditat
994 2231 1164 2315 scripturas
1185 2247 1248 2296 non
1270 2250 1315 2298 ex

182 2338 310 2420 entique
332 2334 411 2402 libro
433 2336 591 2419 deperdito
614 2335 743 2402 haustae
765 2355 830 2401 ecee
845 2338 954 2420 postea
969 2336 1195 2402 demonstrabo.
1219 2352 1311 2417 prae-

69 2432 73 2448 '
182 2443 268 2504 terea
289 2441 353 2504 true
380 2437 501 2504 codices
531 2437 771 2521 conpendiorum
801 2437 1005 2504 multitudiue
1026 2442 1058 2504 et
1079 2438 1251 2523 figurarum
1271 2439 1314 2504 iu

182 2539 264 2608 huuc
292 2561 384 2608 uuum
414 2540 625 2608 adhibiturum
652 2539 781 2608 raritate
811 2541 929 2624 pariter
955 2541 1095 2624 insigues
1117 2543 1202 2626 auut,
1224 2541 1313 2607 uude

182 2644 332 2711 librorum
353 2663 432 2710 seeo.
448 2643 636 2725 XIV-XV,
660 2643 714 2726 qui
729 2663 765 2710 ex
780 2645 824 2710 eis
841 2644 891 2711 uel
906 2644 1009 2710 codice
1023 2645 1158 2711 manime
1175 2646 1315 2729 cognato

181 2747 333 2834 originem
349 2751 510 2830 duxeruut,
532 2748 682 2830 permulti
697 2748 890 2832 explicantur
906 2767 1034 2814 erronee.
1057 2749 1104 2814 uic
1126 2750 1313 2816 breuiantur

182 2870 208 2918 e.
232 2871 263 2937 g.
287 2855 493 2934 oo=aace,
520 2853 716 2930 bier-benc,
741 2854 1310 2935 bo=bonqct=ecoeqcoi³

182 2992 356 3058 commuue,
384 2955 489 3040 co'i‘ooee
503 3001 543 3034 =
560 2975 882 3054 memoratorium
897 2999 938 3032 =
953 2973 1106 3058 dietmare,
1128 2973 1187 3038 deit
1202 2999 1242 3033 ε
1257 2975 1312 3039 dt·

181 3095 273 3172 omr,
300 3081 339 3159 oi
357 3121 396 3152 =
420 3095 553 3175 urerer,
580 3094 852 3177 f0o=faaam,
880 3079 918 3175 fi
936 3094 1078 3176 :fio-e,
1106 3075 1314 3179 9¹=qcar,

94 3242 99 3251 ¹
179 3196 427 3298 qta=qiorio,
455 3213 571 3300 firi:
585 3215 711 3298 qratia,
741 3199 851 3279 bitte
872 3213 1091 3279 bds=bobct
1119 3213 1229 3281 babere
1250 3213 1315 3280 ber--

181 3333 261 3414 boae,
284 3335 378 3399 bo:
391 3335 489 3414 boma,
512 3334 595 3399 b’=
611 3334 716 3412 boios,
739 3337 859 3400 mio:
871 3317 1210 3415 misericordique:
1222 3335 1314 3415 inde,

182 3437 371 3520 reconem:
384 3437 680 3522 Ζεραέὶονιεεηι,Ν
598 3459 735 3502 mom:
748 3441 979 3524 martyrum,
958 3460 1033 3504 o:
1046 3458 1112 3504 con
1125 3437 1178 3504 uel
1194 3442 1308 3520 nomo,

185 3579 295 3624 u·-
255 3559 404 3644 :coine
427 3581 507 3624 n:
523 3563 670 3644 naturae,
692 3539 852 3626 acceia:
864 3559 1051 3639 cocomario,
1074 3545 1158 3642 offer.
1174 3547 1308 3642 ofin.-
1267 3607 1312 3620 .-

181 3678 337 3763 officium,
366 3697 476 3742 oro:
492 3679 608 3764 oratio,
637 3699 726 3746 oc:
742 3698 862 3760 omncs,
884 3702 969 3762 p:
929 3697 1135 3761 -pcrsoeeu,
1155 3662 1309 3762 potio-
1265 3707 1307 3720 ·-

175 3799 347 3882 cadmia,
364 3780 536 3880 pbo'om..
496 3825 537 3840 ···
546 3799 793 3883 philosophema,
809 3820 912 3882 prore
921 3798 1060 3882 pruinae
1067 3802 1197 3884 piet..
1157 3827 1198 3840 -
1207 3820 1310 3884 prae·

180 3921 264 3983 ctare
279 3923 484 4000 praestemus
500 3925 653 4001 praestet,
677 3926 774 4002 pt:
784 3925 901 4002 potest,
924 3941 1017 4004 qe:
1031 3939 1236 4006 quaesomus,
1257 3921 1313 3984 rio

181 4063 222 4076 -
182 4039 331 4124 -rutio,
354 4041 498 4105 robis:
513 4042 661 4125 rationis,
685 4059 837 4125 socco:
852 4043 978 4126 capent
978 4044 1021 4126 io,
1043 4025 1163 4109 scic:
1175 4040 1308 4108 scientio

184 4159 273 4240 (item
300 4142 438 4242 conscio,
467 4143 603 4245 inscio),
627 4163 709 4245 siqco
728 4186 768 4218 =
784 4162 942 4245 siqoee'fioo,
965 4165 1005 4226 sio
1019 4189 1060 4220 =
1075 4162 1159 4249 sinc,
1181 4163 1250 4245 spes
1266 4188 1307 4218 =

179 4277 308 4362 specics,
337 4279 412 4345 sibu
433 4307 472 4339 =
494 4281 641 4366 superbo,
670 4261 763 4348 sabio
778 4310 818 4342 =
835 4281 1030 4364 substantio,
1062 4281 1119 4348 effi
1135 4309 1174 4341 =
1190 4281 1310 4368 ccdolq
