<?xml version="1.0" encoding="UTF-8"?>
<!DOCTYPE html PUBLIC "-//W3C//DTD XHTML 1.0 Transitional//EN"
    "http://www.w3.org/TR/xhtml1/DTD/xhtml1-transitional.dtd">
<html xmlns="http://www.w3.org/1999/xhtml" xml:lang="en" lang="en">
 <head>
  <title>
</title>
<meta http-equiv="Content-Type" content="text/html;charset=utf-8" />
  <meta name='ocr-system' content='tesseract 3.04.00' />
  <meta name='ocr-capabilities' content='ocr_page ocr_carea ocr_par ocr_line ocrx_word'/>
</head>
<body>
  <div class='ocr_page' id='page_1' title='image "./corpusscriptoru13wissgoog_0493.png"; bbox 0 0 2934 4934; ppageno 0'>
   <div class='ocr_carea' id='block_1_1' title="bbox 318 403 1232 477">
    <p class='ocr_par' dir='ltr' id='par_1_1' title="bbox 318 403 1232 477">
     <span class='ocr_line' id='line_1_1' title="bbox 318 403 1232 477; baseline -0.003 -16"><span class='ocrx_word' id='word_1_1' title='bbox 318 407 433 477; x_wconf 82' lang='lat' dir='ltr'><strong>Opueo.</strong></span> <span class='ocrx_word' id='word_1_2' title='bbox 452 405 484 460; x_wconf 88' lang='lat' dir='ltr'><strong>V.</strong></span> <span class='ocrx_word' id='word_1_3' title='bbox 508 403 788 460; x_wconf 81' lang='lat' dir='ltr'><strong>iiuoiraristienm</strong></span> <span class='ocrx_word' id='word_1_4' title='bbox 805 405 843 460; x_wconf 86' lang='lat' dir='ltr'><strong>da</strong></span> <span class='ocrx_word' id='word_1_5' title='bbox 860 406 936 460; x_wconf 84' lang='lat' dir='ltr'><strong>uita</strong></span> <span class='ocrx_word' id='word_1_6' title='bbox 953 421 1018 460; x_wconf 86' lang='lat' dir='ltr'><strong>sua.</strong></span> <span class='ocrx_word' id='word_1_7' title='bbox 1170 407 1232 476; x_wconf 74' lang='grc'><strong>397</strong></span> 
     </span>
    </p>
   </div>
   <div class='ocr_carea' id='block_1_2' title="bbox 55 594 1232 3266">
    <p class='ocr_par' dir='ltr' id='par_1_2' title="bbox 55 594 1232 3266">
     <span class='ocr_line' id='line_1_2' title="bbox 100 594 1232 681; baseline 0.001 -19"><span class='ocrx_word' id='word_1_8' title='bbox 100 597 244 680; x_wconf 80' lang='lat' dir='ltr'><strong>singulos</strong></span> <span class='ocrx_word' id='word_1_9' title='bbox 274 597 340 662; x_wconf 93' lang='lat' dir='ltr'><strong>dies</strong></span> <span class='ocrx_word' id='word_1_10' title='bbox 369 594 514 661; x_wconf 74' lang='lat' dir='ltr'><strong>ditabant</strong></span> <span class='ocrx_word' id='word_1_11' title='bbox 542 595 798 680; x_wconf 84' lang='lat' dir='ltr'><strong>inaequalitatem</strong></span> <span class='ocrx_word' id='word_1_12' title='bbox 821 615 925 662; x_wconf 90' lang='lat' dir='ltr'><strong>meam</strong></span> <span class='ocrx_word' id='word_1_13' title='bbox 947 595 1109 681; x_wconf 89' lang='lat' dir='ltr'><strong>dispendio</strong></span> <span class='ocrx_word' id='word_1_14' title='bbox 1131 595 1232 664; x_wconf 86' lang='lat' dir='ltr'><strong>faoul·</strong></span> 
     </span>
     <span class='ocr_line' id='line_1_3' title="bbox 99 698 1232 782; baseline -0.004 -14"><span class='ocrx_word' id='word_1_15' title='bbox 99 704 220 778; x_wconf 89' lang='lat' dir='ltr'><strong>tatum,</strong></span> <span class='ocrx_word' id='word_1_16' title='bbox 248 701 403 767; x_wconf 88' lang='lat' dir='ltr'><strong>lassatum</strong></span> <span class='ocrx_word' id='word_1_17' title='bbox 430 718 464 766; x_wconf 90' lang='lat' dir='ltr'><strong>se</strong></span> <span class='ocrx_word' id='word_1_18' title='bbox 492 699 590 766; x_wconf 82' lang='lat' dir='ltr'><strong>fuisse</strong></span> <span class='ocrx_word' id='word_1_19' title='bbox 616 701 789 766; x_wconf 68' lang='lat' dir='ltr'><strong>testaretur</strong></span> <span class='ocrx_word' id='word_1_20' title='bbox 817 718 877 765; x_wconf 88' lang='lat' dir='ltr'><strong>neo</strong></span> <span class='ocrx_word' id='word_1_21' title='bbox 904 698 1023 782; x_wconf 84' lang='lat' dir='ltr'><strong>aliquid</strong></span> <span class='ocrx_word' id='word_1_22' title='bbox 1045 699 1232 766; x_wconf 72' lang='lat' dir='ltr'>remansisse</span> 
     </span>
     <span class='ocr_line' id='line_1_4' title="bbox 99 803 1229 888; baseline 0 -20"><span class='ocrx_word' id='word_1_23' title='bbox 99 804 183 888; x_wconf 90' lang='lat' dir='ltr'><strong>quod</strong></span> <span class='ocrx_word' id='word_1_24' title='bbox 205 803 305 883; x_wconf 84' lang='lat' dir='ltr'><strong>fieret,</strong></span> <span class='ocrx_word' id='word_1_25' title='bbox 328 803 401 869; x_wconf 87' lang='lat' dir='ltr'><strong>ilieo</strong></span> <span class='ocrx_word' id='word_1_26' title='bbox 422 803 500 870; x_wconf 87' lang='lat' dir='ltr'><strong>mihi</strong></span> <span class='ocrx_word' id='word_1_27' title='bbox 522 821 611 887; x_wconf 86' lang='lat' dir='ltr'><strong>spem</strong></span> <span class='ocrx_word' id='word_1_28' title='bbox 629 803 715 869; x_wconf 86' lang='lat' dir='ltr'><strong>uitae</strong></span> <span class='ocrx_word' id='word_1_29' title='bbox 736 805 854 870; x_wconf 87' lang='lat' dir='ltr'><strong>detulit</strong></span> <span class='ocrx_word' id='word_1_30' title='bbox 874 803 1049 884; x_wconf 73' lang='lat' dir='ltr'><strong>desperatio</strong></span> <span class='ocrx_word' id='word_1_31' title='bbox 1071 803 1229 870; x_wconf 79' lang='lat' dir='ltr'><strong>oumtoris.</strong></span> 
     </span>
     <span class='ocr_line' id='line_1_5' title="bbox 99 905 1230 992; baseline -0.002 -18"><span class='ocrx_word' id='word_1_32' title='bbox 99 926 176 974; x_wconf 89' lang='lat' dir='ltr'><strong>nam</strong></span> <span class='ocrx_word' id='word_1_33' title='bbox 206 908 275 973; x_wconf 93' lang='lat' dir='ltr'><strong>illio</strong></span> <span class='ocrx_word' id='word_1_34' title='bbox 301 907 495 992; x_wconf 86' lang='lat' dir='ltr'><strong>promptiora</strong></span> <span class='ocrx_word' id='word_1_35' title='bbox 525 910 600 972; x_wconf 87' lang='lat' dir='ltr'><strong>sunt</strong></span> <span class='ocrx_word' id='word_1_36' title='bbox 629 908 774 972; x_wconf 84' lang='lat' dir='ltr'><strong>eoelestis</strong></span> <span class='ocrx_word' id='word_1_37' title='bbox 798 907 878 972; x_wconf 85' lang='lat' dir='ltr'><strong>bona</strong></span> <span class='ocrx_word' id='word_1_38' title='bbox 906 905 1091 989; x_wconf 87' lang='lat' dir='ltr'><strong>iuuaminis,</strong></span> <span class='ocrx_word' id='word_1_39' title='bbox 1120 906 1174 972; x_wconf 87' lang='lat' dir='ltr'><strong>ubi</strong></span> <span class='ocrx_word' id='word_1_40' title='bbox 1196 925 1230 972; x_wconf 89' lang='lat' dir='ltr'><strong>so</strong></span> 
     </span>
     <span class='ocr_line' id='line_1_6' title="bbox 76 1009 1231 1094; baseline 0.003 -20"><span class='ocrx_word' id='word_1_41' title='bbox 76 1009 316 1076; x_wconf 83' lang='lat' dir='ltr'><strong>ssubtrareriut</strong></span> <span class='ocrx_word' id='word_1_42' title='bbox 344 1009 493 1093; x_wconf 87' lang='lat' dir='ltr'><strong>obsequia</strong></span> <span class='ocrx_word' id='word_1_43' title='bbox 519 1009 661 1076; x_wconf 82' lang='lat' dir='ltr'><strong>infausta</strong></span> <span class='ocrx_word' id='word_1_44' title='bbox 683 1009 913 1094; x_wconf 77' lang='lat' dir='ltr'><strong>languentibus.</strong></span> <span class='ocrx_word' id='word_1_45' title='bbox 951 1011 1097 1076; x_wconf 77' lang='lat' dir='ltr'><strong>continuo</strong></span> <span class='ocrx_word' id='word_1_46' title='bbox 1120 1013 1231 1078; x_wconf 84' lang='lat' dir='ltr'><strong>moad</strong></span> 
     </span>
     <span class='ocr_line' id='line_1_7' title="bbox 98 1112 1232 1196; baseline 0 -16"><span class='ocrx_word' id='word_1_47' title='bbox 98 1115 187 1180; x_wconf 87' lang='lat' dir='ltr'><strong>beati</strong></span> <span class='ocrx_word' id='word_1_48' title='bbox 210 1113 345 1180; x_wconf 80' lang='lat' dir='ltr'><strong>viatoris</strong></span> <span class='ocrx_word' id='word_1_49' title='bbox 372 1113 522 1196; x_wconf 83' lang='lat' dir='ltr'><strong>martyris</strong></span> <span class='ocrx_word' id='word_1_50' title='bbox 548 1113 705 1196; x_wconf 88' lang='lat' dir='ltr'><strong>praesidia</strong></span> <span class='ocrx_word' id='word_1_51' title='bbox 732 1129 826 1194; x_wconf 85' lang='lat' dir='ltr'><strong>saepe</strong></span> <span class='ocrx_word' id='word_1_52' title='bbox 855 1114 983 1194; x_wconf 83' lang='lat' dir='ltr'><strong>experta</strong></span> <span class='ocrx_word' id='word_1_53' title='bbox 1010 1112 1169 1179; x_wconf 75' lang='lat' dir='ltr'><strong>mmsueri</strong></span> <span class='ocrx_word' id='word_1_54' title='bbox 1198 1115 1232 1180; x_wconf 88' lang='lat' dir='ltr'><strong>et</strong></span> 
     </span>
     <span class='ocr_line' id='line_1_8' title="bbox 98 1214 1231 1300; baseline -0.002 -16"><span class='ocrx_word' id='word_1_55' title='bbox 98 1235 191 1300; x_wconf 92' lang='lat' dir='ltr'><strong>opem</strong></span> <span class='ocrx_word' id='word_1_56' title='bbox 213 1214 378 1283; x_wconf 82' lang='lat' dir='ltr'><strong>fortissimi</strong></span> <span class='ocrx_word' id='word_1_57' title='bbox 400 1217 541 1298; x_wconf 85' lang='lat' dir='ltr'><strong>preoetus</strong></span> <span class='ocrx_word' id='word_1_58' title='bbox 563 1217 620 1282; x_wconf 91' lang='lat' dir='ltr'><strong>deo</strong></span> <span class='ocrx_word' id='word_1_59' title='bbox 635 1217 809 1300; x_wconf 90' lang='lat' dir='ltr'><strong>peripsum</strong></span> <span class='ocrx_word' id='word_1_60' title='bbox 822 1235 895 1281; x_wconf 86' lang='lat' dir='ltr'><strong>eum</strong></span> <span class='ocrx_word' id='word_1_61' title='bbox 911 1215 1049 1283; x_wconf 73' lang='lat' dir='ltr'><strong>lacrimis</strong></span> <span class='ocrx_word' id='word_1_62' title='bbox 1063 1217 1231 1299; x_wconf 84' lang='lat' dir='ltr'><strong>alleganda</strong></span> 
     </span>
     <span class='ocr_line' id='line_1_9' title="bbox 98 1319 1229 1404; baseline 0 -18"><span class='ocrx_word' id='word_1_63' title='bbox 98 1319 258 1386; x_wconf 84' lang='lat' dir='ltr'><strong>commisi:</strong></span> <span class='ocrx_word' id='word_1_64' title='bbox 292 1321 369 1388; x_wconf 85' lang='lat' dir='ltr'><strong>satis</strong></span> <span class='ocrx_word' id='word_1_65' title='bbox 403 1338 468 1385; x_wconf 85' lang='lat' dir='ltr'><strong>ease</strong></span> <span class='ocrx_word' id='word_1_66' title='bbox 502 1319 542 1384; x_wconf 89' lang='lat' dir='ltr'><strong>ud</strong></span> <span class='ocrx_word' id='word_1_67' title='bbox 574 1323 814 1404; x_wconf 85' lang='lat' dir='ltr'><strong>promerendam</strong></span> <span class='ocrx_word' id='word_1_68' title='bbox 849 1320 1052 1386; x_wconf 88' lang='lat' dir='ltr'><strong>elementiam</strong></span> <span class='ocrx_word' id='word_1_69' title='bbox 1084 1321 1168 1398; x_wconf 88' lang='lat' dir='ltr'><strong>eins,</strong></span> <span class='ocrx_word' id='word_1_70' title='bbox 1201 1321 1229 1386; x_wconf 90' lang='lat' dir='ltr'><strong>si</strong></span> 
     </span>
     <span class='ocr_line' id='line_1_10' title="bbox 98 1422 1230 1507; baseline 0 -18"><span class='ocrx_word' id='word_1_71' title='bbox 98 1442 225 1507; x_wconf 86' lang='lat' dir='ltr'><strong>semper</strong></span> <span class='ocrx_word' id='word_1_72' title='bbox 258 1424 331 1489; x_wconf 85' lang='lat' dir='ltr'><strong>onia</strong></span> <span class='ocrx_word' id='word_1_73' title='bbox 364 1422 467 1488; x_wconf 84' lang='lat' dir='ltr'><strong>oculos</strong></span> <span class='ocrx_word' id='word_1_74' title='bbox 496 1439 567 1488; x_wconf 89' lang='lat' dir='ltr'><strong>suos</strong></span> <span class='ocrx_word' id='word_1_75' title='bbox 595 1423 736 1502; x_wconf 86' lang='lat' dir='ltr'><strong>statuat,</strong></span> <span class='ocrx_word' id='word_1_76' title='bbox 770 1428 851 1493; x_wconf 87' lang='lat' dir='ltr'><strong>unde</strong></span> <span class='ocrx_word' id='word_1_77' title='bbox 880 1442 937 1490; x_wconf 92' lang='lat' dir='ltr'><strong>nos</strong></span> <span class='ocrx_word' id='word_1_78' title='bbox 959 1423 1148 1506; x_wconf 71' lang='lat' dir='ltr'><strong>sumpserit,</strong></span> <span class='ocrx_word' id='word_1_79' title='bbox 1173 1441 1230 1489; x_wconf 85' lang='lat' dir='ltr'><strong>neo</strong></span> 
     </span>
     <span class='ocr_line' id='line_1_11' title="bbox 60 1525 1229 1594; baseline 0.006 -7"><span class='ocrx_word' id='word_1_80' title='bbox 60 1548 86 1588; x_wconf 84' lang='grc' dir='ltr'><strong>ιο</strong></span> <span class='ocrx_word' id='word_1_81' title='bbox 96 1527 191 1592; x_wconf 89' lang='lat' dir='ltr'><strong>faoile</strong></span> <span class='ocrx_word' id='word_1_82' title='bbox 213 1527 253 1592; x_wconf 92' lang='lat' dir='ltr'><strong>ad</strong></span> <span class='ocrx_word' id='word_1_83' title='bbox 275 1525 502 1591; x_wconf 83' lang='lat' dir='ltr'><strong>sublimitatem</strong></span> <span class='ocrx_word' id='word_1_84' title='bbox 530 1525 750 1592; x_wconf 88' lang='lat' dir='ltr'><strong>mandatorum</strong></span> <span class='ocrx_word' id='word_1_85' title='bbox 776 1527 865 1594; x_wconf 90' lang='lat' dir='ltr'><strong>illius</strong></span> <span class='ocrx_word' id='word_1_86' title='bbox 894 1547 965 1594; x_wconf 91' lang='lat' dir='ltr'><strong>oum</strong></span> <span class='ocrx_word' id='word_1_87' title='bbox 988 1528 1153 1594; x_wconf 83' lang='lat' dir='ltr'><strong>uelocitate</strong></span> <span class='ocrx_word' id='word_1_88' title='bbox 1176 1546 1229 1594; x_wconf 83' lang='lat' dir='ltr'><strong>er·</strong></span> 
     </span>
     <span class='ocr_line' id='line_1_12' title="bbox 96 1631 1229 1714; baseline -0.001 -17"><span class='ocrx_word' id='word_1_89' title='bbox 96 1637 235 1697; x_wconf 89' lang='lat' dir='ltr'><strong>tremam</strong></span> <span class='ocrx_word' id='word_1_90' title='bbox 257 1631 391 1714; x_wconf 81' lang='lat' dir='ltr'><strong>migrare</strong></span> <span class='ocrx_word' id='word_1_91' title='bbox 413 1645 502 1713; x_wconf 89' lang='lat' dir='ltr'><strong>posse</strong></span> <span class='ocrx_word' id='word_1_92' title='bbox 525 1631 698 1696; x_wconf 87' lang='lat' dir='ltr'><strong>materiam.</strong></span> <span class='ocrx_word' id='word_1_93' title='bbox 737 1633 882 1713; x_wconf 89' lang='lat' dir='ltr'><strong>quamuis</strong></span> <span class='ocrx_word' id='word_1_94' title='bbox 910 1650 965 1714; x_wconf 91' lang='lat' dir='ltr'><strong>per</strong></span> <span class='ocrx_word' id='word_1_95' title='bbox 993 1633 1162 1696; x_wconf 76' lang='lat' dir='ltr'><strong>secundam</strong></span> <span class='ocrx_word' id='word_1_96' title='bbox 1183 1631 1229 1713; x_wconf 90' lang='lat' dir='ltr'><strong>pii</strong></span> 
     </span>
     <span class='ocr_line' id='line_1_13' title="bbox 96 1731 1228 1817; baseline -0.001 -17"><span class='ocrx_word' id='word_1_97' title='bbox 96 1737 247 1800; x_wconf 87' lang='lat' dir='ltr'><strong>naturam</strong></span> <span class='ocrx_word' id='word_1_98' title='bbox 274 1733 477 1815; x_wconf 85' lang='lat' dir='ltr'><strong>baptismatis</strong></span> <span class='ocrx_word' id='word_1_99' title='bbox 506 1731 651 1798; x_wconf 89' lang='lat' dir='ltr'><strong>ablutum</strong></span> <span class='ocrx_word' id='word_1_100' title='bbox 679 1734 722 1798; x_wconf 90' lang='lat' dir='ltr'><strong>sit</strong></span> <span class='ocrx_word' id='word_1_101' title='bbox 752 1733 900 1817; x_wconf 90' lang='lat' dir='ltr'><strong>quioquid</strong></span> <span class='ocrx_word' id='word_1_102' title='bbox 929 1736 967 1799; x_wconf 92' lang='lat' dir='ltr'><strong>de</strong></span> <span class='ocrx_word' id='word_1_103' title='bbox 995 1734 1070 1800; x_wconf 92' lang='lat' dir='ltr'><strong>limo</strong></span> <span class='ocrx_word' id='word_1_104' title='bbox 1099 1736 1228 1816; x_wconf 85' lang='lat' dir='ltr'><strong>parente</strong></span> 
     </span>
     <span class='ocr_line' id='line_1_14' title="bbox 94 1835 1228 1919; baseline -0.003 -14"><span class='ocrx_word' id='word_1_105' title='bbox 94 1839 291 1918; x_wconf 85' lang='lat' dir='ltr'><strong>sorduimus,</strong></span> <span class='ocrx_word' id='word_1_106' title='bbox 315 1840 420 1903; x_wconf 87' lang='lat' dir='ltr'><strong>tamen</strong></span> <span class='ocrx_word' id='word_1_107' title='bbox 445 1837 526 1919; x_wconf 88' lang='lat' dir='ltr'><strong>quia,</strong></span> <span class='ocrx_word' id='word_1_108' title='bbox 550 1837 625 1903; x_wconf 89' lang='lat' dir='ltr'><strong>dum</strong></span> <span class='ocrx_word' id='word_1_109' title='bbox 639 1835 788 1902; x_wconf 90' lang='lat' dir='ltr'><strong>inimious</strong></span> <span class='ocrx_word' id='word_1_110' title='bbox 804 1838 918 1903; x_wconf 84' lang='lat' dir='ltr'><strong>salutis</strong></span> <span class='ocrx_word' id='word_1_111' title='bbox 932 1842 1058 1904; x_wconf 88' lang='lat' dir='ltr'><strong>nostrae</strong></span> <span class='ocrx_word' id='word_1_112' title='bbox 1072 1838 1228 1903; x_wconf 79' lang='lat' dir='ltr'><strong>inclusum</strong></span> 
     </span>
     <span class='ocr_line' id='line_1_15' title="bbox 94 1939 1227 2024; baseline -0.002 -17"><span class='ocrx_word' id='word_1_113' title='bbox 94 1939 321 2007; x_wconf 87' lang='lat' dir='ltr'><strong>blandimentis</strong></span> <span class='ocrx_word' id='word_1_114' title='bbox 350 1939 435 2006; x_wconf 72' lang='lat' dir='ltr'><strong>meet</strong></span> <span class='ocrx_word' id='word_1_115' title='bbox 460 1943 640 2024; x_wconf 85' lang='lat' dir='ltr'><strong>interitum,</strong></span> <span class='ocrx_word' id='word_1_116' title='bbox 669 1940 754 2007; x_wconf 87' lang='lat' dir='ltr'><strong>dulei</strong></span> <span class='ocrx_word' id='word_1_117' title='bbox 783 1939 864 2006; x_wconf 89' lang='lat' dir='ltr'><strong>uitia</strong></span> <span class='ocrx_word' id='word_1_118' title='bbox 891 1959 999 2024; x_wconf 88' lang='lat' dir='ltr'><strong>sapore</strong></span> <span class='ocrx_word' id='word_1_119' title='bbox 1022 1940 1164 2006; x_wconf 90' lang='lat' dir='ltr'><strong>oondiuit</strong></span> <span class='ocrx_word' id='word_1_120' title='bbox 1186 1941 1227 2019; x_wconf 88' lang='lat' dir='ltr'><strong>et,</strong></span> 
     </span>
     <span class='ocr_line' id='line_1_16' title="bbox 58 2043 1226 2128; baseline -0.003 -17"><span class='ocrx_word' id='word_1_121' title='bbox 58 2071 86 2111; x_wconf 80' lang='lat'><strong>15</strong></span> <span class='ocrx_word' id='word_1_122' title='bbox 96 2045 174 2110; x_wconf 92' lang='lat' dir='ltr'><strong>dum</strong></span> <span class='ocrx_word' id='word_1_123' title='bbox 196 2045 320 2127; x_wconf 85' lang='lat' dir='ltr'><strong>pruritu</strong></span> <span class='ocrx_word' id='word_1_124' title='bbox 342 2045 480 2121; x_wconf 76' lang='lat' dir='ltr'><strong>aunum,</strong></span> <span class='ocrx_word' id='word_1_125' title='bbox 509 2046 584 2111; x_wconf 94' lang='lat' dir='ltr'><strong>dum</strong></span> <span class='ocrx_word' id='word_1_126' title='bbox 614 2043 765 2128; x_wconf 82' lang='lat' dir='ltr'><strong>gustandi</strong></span> <span class='ocrx_word' id='word_1_127' title='bbox 787 2043 995 2109; x_wconf 82' lang='lat' dir='ltr'><strong>obleetatione</strong></span> <span class='ocrx_word' id='word_1_128' title='bbox 1017 2044 1226 2126; x_wconf 81' lang='lat' dir='ltr'><strong>producimur,</strong></span> 
     </span>
     <span class='ocr_line' id='line_1_17' title="bbox 94 2146 1225 2232; baseline 0 -20"><span class='ocrx_word' id='word_1_129' title='bbox 94 2165 181 2212; x_wconf 89' lang='lat' dir='ltr'><strong>mors</strong></span> <span class='ocrx_word' id='word_1_130' title='bbox 204 2167 260 2230; x_wconf 91' lang='lat' dir='ltr'><strong>por</strong></span> <span class='ocrx_word' id='word_1_131' title='bbox 281 2147 431 2212; x_wconf 81' lang='lat' dir='ltr'><strong>fenestras</strong></span> <span class='ocrx_word' id='word_1_132' title='bbox 450 2147 636 2232; x_wconf 82' lang='lat' dir='ltr'><strong>ingreditur,</strong></span> <span class='ocrx_word' id='word_1_133' title='bbox 660 2165 720 2232; x_wconf 89' lang='lat' dir='ltr'><strong>quo</strong></span> <span class='ocrx_word' id='word_1_134' title='bbox 736 2148 922 2232; x_wconf 80' lang='lat' dir='ltr'><strong>fugiendum</strong></span> <span class='ocrx_word' id='word_1_135' title='bbox 939 2149 1039 2214; x_wconf 89' lang='lat' dir='ltr'><strong>estab</strong></span> <span class='ocrx_word' id='word_1_136' title='bbox 1054 2146 1225 2229; x_wconf 76' lang='lat' dir='ltr'><strong>meipsius,</strong></span> 
     </span>
     <span class='ocr_line' id='line_1_18' title="bbox 94 2250 1227 2334; baseline 0 -18"><span class='ocrx_word' id='word_1_137' title='bbox 94 2252 159 2316; x_wconf 90' lang='lat' dir='ltr'><strong>nisi</strong></span> <span class='ocrx_word' id='word_1_138' title='bbox 181 2250 221 2316; x_wconf 95' lang='lat' dir='ltr'><strong>ad</strong></span> <span class='ocrx_word' id='word_1_139' title='bbox 242 2250 486 2316; x_wconf 80' lang='lat' dir='ltr'><strong>misericordium</strong></span> <span class='ocrx_word' id='word_1_140' title='bbox 514 2251 596 2334; x_wconf 85' lang='lat' dir='ltr'><strong>eius,</strong></span> <span class='ocrx_word' id='word_1_141' title='bbox 625 2250 679 2334; x_wconf 91' lang='lat' dir='ltr'><strong>qui</strong></span> <span class='ocrx_word' id='word_1_142' title='bbox 708 2253 851 2316; x_wconf 88' lang='lat' dir='ltr'><strong>reduoem</strong></span> <span class='ocrx_word' id='word_1_143' title='bbox 879 2252 982 2317; x_wconf 88' lang='lat' dir='ltr'><strong>filium</strong></span> <span class='ocrx_word' id='word_1_144' title='bbox 1011 2253 1045 2317; x_wconf 90' lang='lat' dir='ltr'><strong>et</strong></span> <span class='ocrx_word' id='word_1_145' title='bbox 1066 2269 1227 2316; x_wconf 87' lang='lat' dir='ltr'><strong>eonoessae</strong></span> 
     </span>
     <span class='ocr_line' id='line_1_19' title="bbox 93 2353 1228 2439; baseline 0.001 -21"><span class='ocrx_word' id='word_1_146' title='bbox 93 2353 263 2436; x_wconf 86' lang='lat' dir='ltr'><strong>prodigum</strong></span> <span class='ocrx_word' id='word_1_147' title='bbox 284 2354 444 2435; x_wconf 88' lang='lat' dir='ltr'><strong>portionis,</strong></span> <span class='ocrx_word' id='word_1_148' title='bbox 467 2372 561 2435; x_wconf 87' lang='lat' dir='ltr'><strong>quem</strong></span> <span class='ocrx_word' id='word_1_149' title='bbox 583 2357 751 2437; x_wconf 87' lang='lat' dir='ltr'><strong>postquam</strong></span> <span class='ocrx_word' id='word_1_150' title='bbox 774 2373 846 2421; x_wconf 93' lang='lat' dir='ltr'><strong>oum</strong></span> <span class='ocrx_word' id='word_1_151' title='bbox 868 2358 969 2438; x_wconf 88' lang='lat' dir='ltr'><strong>porois</strong></span> <span class='ocrx_word' id='word_1_152' title='bbox 987 2374 1043 2439; x_wconf 90' lang='lat' dir='ltr'><strong>per</strong></span> <span class='ocrx_word' id='word_1_153' title='bbox 1057 2355 1228 2421; x_wconf 89' lang='lat' dir='ltr'><strong>obsoenum</strong></span> 
     </span>
     <span class='ocr_line' id='line_1_20' title="bbox 93 2456 1226 2540; baseline 0.004 -19"><span class='ocrx_word' id='word_1_154' title='bbox 93 2457 281 2539; x_wconf 87' lang='lat' dir='ltr'><strong>siliquarum</strong></span> <span class='ocrx_word' id='word_1_155' title='bbox 304 2456 410 2521; x_wconf 90' lang='lat' dir='ltr'><strong>eibum</strong></span> <span class='ocrx_word' id='word_1_156' title='bbox 432 2456 551 2522; x_wconf 79' lang='lat' dir='ltr'><strong>addixit</strong></span> <span class='ocrx_word' id='word_1_157' title='bbox 575 2457 725 2523; x_wconf 90' lang='lat' dir='ltr'><strong>inmunda</strong></span> <span class='ocrx_word' id='word_1_158' title='bbox 746 2460 934 2540; x_wconf 87' lang='lat' dir='ltr'><strong>eommunio,</strong></span> <span class='ocrx_word' id='word_1_159' title='bbox 957 2459 997 2525; x_wconf 86' lang='lat' dir='ltr'><strong>ed</strong></span> <span class='ocrx_word' id='word_1_160' title='bbox 1015 2460 1129 2525; x_wconf 88' lang='lat' dir='ltr'><strong>stolam</strong></span> <span class='ocrx_word' id='word_1_161' title='bbox 1151 2477 1226 2525; x_wconf 88' lang='lat' dir='ltr'><strong>oan-</strong></span> 
     </span>
     <span class='ocr_line' id='line_1_21' title="bbox 56 2559 1224 2644; baseline 0 -18"><span class='ocrx_word' id='word_1_162' title='bbox 56 2559 220 2639; x_wconf 71' lang='lat' dir='ltr'><strong>eodidam,</strong></span> <span class='ocrx_word' id='word_1_163' title='bbox 247 2559 287 2624; x_wconf 93' lang='lat' dir='ltr'><strong>ad</strong></span> <span class='ocrx_word' id='word_1_164' title='bbox 310 2561 440 2625; x_wconf 91' lang='lat' dir='ltr'><strong>anulum</strong></span> <span class='ocrx_word' id='word_1_165' title='bbox 461 2561 649 2642; x_wconf 80' lang='lat' dir='ltr'><strong>pretiosum,</strong></span> <span class='ocrx_word' id='word_1_166' title='bbox 678 2561 715 2626; x_wconf 90' lang='lat' dir='ltr'><strong>ad</strong></span> <span class='ocrx_word' id='word_1_167' title='bbox 740 2563 866 2628; x_wconf 88' lang='lat' dir='ltr'><strong>diuitias</strong></span> <span class='ocrx_word' id='word_1_168' title='bbox 889 2563 960 2627; x_wconf 87' lang='lat' dir='ltr'><strong>illas</strong></span> <span class='ocrx_word' id='word_1_169' title='bbox 981 2567 1130 2643; x_wconf 88' lang='lat' dir='ltr'><strong>paternae</strong></span> <span class='ocrx_word' id='word_1_170' title='bbox 1152 2579 1224 2644; x_wconf 87' lang='lat' dir='ltr'><strong>pos·</strong></span> 
     </span>
     <span class='ocr_line' id='line_1_22' title="bbox 93 2662 1224 2747; baseline 0.002 -19"><span class='ocrx_word' id='word_1_171' title='bbox 93 2662 259 2741; x_wconf 86' lang='lat' dir='ltr'><strong>sessionis,</strong></span> <span class='ocrx_word' id='word_1_172' title='bbox 287 2664 376 2745; x_wconf 89' lang='lat' dir='ltr'><strong>quasi</strong></span> <span class='ocrx_word' id='word_1_173' title='bbox 402 2681 524 2747; x_wconf 87' lang='lat' dir='ltr'><strong>semper</strong></span> <span class='ocrx_word' id='word_1_174' title='bbox 552 2669 708 2730; x_wconf 89' lang='lat' dir='ltr'><strong>seruasset</strong></span> <span class='ocrx_word' id='word_1_175' title='bbox 730 2665 831 2746; x_wconf 89' lang='lat' dir='ltr'><strong>iussa,</strong></span> <span class='ocrx_word' id='word_1_176' title='bbox 862 2667 1044 2731; x_wconf 84' lang='lat' dir='ltr'><strong>renouauit?</strong></span> <span class='ocrx_word' id='word_1_177' title='bbox 1078 2667 1224 2747; x_wconf 84' lang='lat' dir='ltr'><strong>praeatus</strong></span> 
     </span>
     <span class='ocr_line' id='line_1_23' title="bbox 93 2765 1224 2851; baseline 0 -19"><span class='ocrx_word' id='word_1_178' title='bbox 93 2785 167 2832; x_wconf 89' lang='lat' dir='ltr'><strong>sum</strong></span> <span class='ocrx_word' id='word_1_179' title='bbox 188 2783 246 2850; x_wconf 91' lang='lat' dir='ltr'><strong>per</strong></span> <span class='ocrx_word' id='word_1_180' title='bbox 272 2767 409 2832; x_wconf 87' lang='lat' dir='ltr'><strong>oleatum</strong></span> <span class='ocrx_word' id='word_1_181' title='bbox 438 2765 521 2844; x_wconf 88' lang='lat' dir='ltr'><strong>eius,</strong></span> <span class='ocrx_word' id='word_1_182' title='bbox 546 2767 582 2832; x_wconf 86' lang='lat' dir='ltr'><strong>ut</strong></span> <span class='ocrx_word' id='word_1_183' title='bbox 604 2767 711 2833; x_wconf 88' lang='lat' dir='ltr'><strong>debita</strong></span> <span class='ocrx_word' id='word_1_184' title='bbox 738 2769 817 2836; x_wconf 87' lang='lat' dir='ltr'><strong>milri</strong></span> <span class='ocrx_word' id='word_1_185' title='bbox 844 2770 936 2851; x_wconf 87' lang='lat' dir='ltr'><strong>plura</strong></span> <span class='ocrx_word' id='word_1_186' title='bbox 966 2768 1157 2846; x_wconf 84' lang='lat' dir='ltr'><strong>dimitteret,</strong></span> <span class='ocrx_word' id='word_1_187' title='bbox 1189 2771 1224 2833; x_wconf 89' lang='lat' dir='ltr'><strong>nt</strong></span> 
     </span>
     <span class='ocr_line' id='line_1_24' title="bbox 92 2869 1224 2956; baseline 0.001 -20"><span class='ocrx_word' id='word_1_188' title='bbox 92 2872 165 2954; x_wconf 90' lang='lat' dir='ltr'><strong>plus</strong></span> <span class='ocrx_word' id='word_1_189' title='bbox 188 2869 372 2956; x_wconf 81' lang='lat' dir='ltr'><strong>diligentiae</strong></span> <span class='ocrx_word' id='word_1_190' title='bbox 394 2869 557 2936; x_wconf 87' lang='lat' dir='ltr'><strong>absolutus</strong></span> <span class='ocrx_word' id='word_1_191' title='bbox 581 2872 765 2937; x_wconf 86' lang='lat' dir='ltr'><strong>exhiberem.</strong></span> <span class='ocrx_word' id='word_1_192' title='bbox 797 2876 829 2937; x_wconf 91' lang='lat' dir='ltr'><strong>et</strong></span> <span class='ocrx_word' id='word_1_193' title='bbox 848 2873 907 2938; x_wconf 82' lang='lat' dir='ltr'><strong>hoo</strong></span> <span class='ocrx_word' id='word_1_194' title='bbox 923 2891 994 2938; x_wconf 94' lang='lat' dir='ltr'><strong>oum</strong></span> <span class='ocrx_word' id='word_1_195' title='bbox 1009 2871 1224 2955; x_wconf 86' lang='lat' dir='ltr'><strong>promissionis</strong></span> 
     </span>
     <span class='ocr_line' id='line_1_25' title="bbox 92 2973 1224 3058; baseline -0.002 -18"><span class='ocrx_word' id='word_1_196' title='bbox 92 2993 167 3040; x_wconf 91' lang='lat' dir='ltr'><strong>suae</strong></span> <span class='ocrx_word' id='word_1_197' title='bbox 200 2973 403 3056; x_wconf 81' lang='lat' dir='ltr'><strong>ehirograpbo</strong></span> <span class='ocrx_word' id='word_1_198' title='bbox 430 2977 462 3038; x_wconf 89' lang='lat' dir='ltr'><strong>et</strong></span> <span class='ocrx_word' id='word_1_199' title='bbox 490 2977 575 3040; x_wconf 86' lang='lat' dir='ltr'><strong>easta</strong></span> <span class='ocrx_word' id='word_1_200' title='bbox 605 2977 769 3058; x_wconf 88' lang='lat' dir='ltr'><strong>sponsione</strong></span> <span class='ocrx_word' id='word_1_201' title='bbox 800 2975 984 3041; x_wconf 81' lang='lat' dir='ltr'><strong>conueniens</strong></span> <span class='ocrx_word' id='word_1_202' title='bbox 1012 2975 1154 3058; x_wconf 88' lang='lat' dir='ltr'><strong>poposoi,</strong></span> <span class='ocrx_word' id='word_1_203' title='bbox 1188 2978 1224 3038; x_wconf 91' lang='lat' dir='ltr'><strong>ut</strong></span> 
     </span>
     <span class='ocr_line' id='line_1_26' title="bbox 55 3077 1223 3160; baseline -0.001 -16"><span class='ocrx_word' id='word_1_204' title='bbox 55 3080 182 3143; x_wconf 71' lang='lat' dir='ltr'><strong>noaret</strong></span> <span class='ocrx_word' id='word_1_205' title='bbox 211 3078 306 3141; x_wconf 86' lang='lat' dir='ltr'><strong>etiam</strong></span> <span class='ocrx_word' id='word_1_206' title='bbox 334 3095 390 3158; x_wconf 90' lang='lat' dir='ltr'><strong>per</strong></span> <span class='ocrx_word' id='word_1_207' title='bbox 418 3080 579 3160; x_wconf 88' lang='lat' dir='ltr'><strong>praeoepta</strong></span> <span class='ocrx_word' id='word_1_208' title='bbox 602 3095 659 3142; x_wconf 89' lang='lat' dir='ltr'><strong>sua</strong></span> <span class='ocrx_word' id='word_1_209' title='bbox 679 3077 810 3143; x_wconf 89' lang='lat' dir='ltr'><strong>amabili</strong></span> <span class='ocrx_word' id='word_1_210' title='bbox 832 3079 996 3143; x_wconf 89' lang='lat' dir='ltr'><strong>deuotione</strong></span> <span class='ocrx_word' id='word_1_211' title='bbox 1019 3098 1069 3144; x_wconf 90' lang='lat' dir='ltr'><strong>me</strong></span> <span class='ocrx_word' id='word_1_212' title='bbox 1092 3095 1223 3157; x_wconf 81' lang='lat' dir='ltr'><strong>currere,</strong></span> 
     </span>
     <span class='ocr_line' id='line_1_27' title="bbox 92 3180 1224 3266; baseline 0.004 -21"><span class='ocrx_word' id='word_1_213' title='bbox 92 3181 182 3263; x_wconf 86' lang='lat' dir='ltr'><strong>quia,</strong></span> <span class='ocrx_word' id='word_1_214' title='bbox 218 3196 289 3244; x_wconf 90' lang='lat' dir='ltr'><strong>oum</strong></span> <span class='ocrx_word' id='word_1_215' title='bbox 318 3180 361 3244; x_wconf 90' lang='lat' dir='ltr'><strong>eit</strong></span> <span class='ocrx_word' id='word_1_216' title='bbox 388 3180 473 3247; x_wconf 86' lang='lat' dir='ltr'><strong>illins</strong></span> <span class='ocrx_word' id='word_1_217' title='bbox 501 3183 583 3263; x_wconf 89' lang='lat' dir='ltr'><strong>quod</strong></span> <span class='ocrx_word' id='word_1_218' title='bbox 613 3197 777 3262; x_wconf 78' lang='lat' dir='ltr'><strong>notamur,</strong></span> <span class='ocrx_word' id='word_1_219' title='bbox 811 3182 900 3248; x_wconf 90' lang='lat' dir='ltr'><strong>illins</strong></span> <span class='ocrx_word' id='word_1_220' title='bbox 930 3185 1012 3266; x_wconf 92' lang='lat' dir='ltr'><strong>quod</strong></span> <span class='ocrx_word' id='word_1_221' title='bbox 1041 3184 1144 3249; x_wconf 83' lang='lat' dir='ltr'><strong>uooati</strong></span> <span class='ocrx_word' id='word_1_222' title='bbox 1166 3183 1224 3250; x_wconf 87' lang='lat' dir='ltr'><strong>ad-</strong></span> 
     </span>
    </p>
   </div>
   <div class='ocr_carea' id='block_1_3' title="bbox 197 3350 466 3416">
    <p class='ocr_par' dir='ltr' id='par_1_3' title="bbox 197 3350 466 3416">
     <span class='ocr_line' id='line_1_28' title="bbox 197 3350 466 3416; baseline 0.007 -12"><span class='ocrx_word' id='word_1_223' title='bbox 197 3351 230 3406; x_wconf 83' lang='lat'><strong>16</strong></span> <span class='ocrx_word' id='word_1_224' title='bbox 248 3350 282 3406; x_wconf 84' lang='lat' dir='ltr'><strong>of.</strong></span> <span class='ocrx_word' id='word_1_225' title='bbox 300 3350 373 3408; x_wconf 86' lang='lat' dir='ltr'><strong>Hier.</strong></span> <span class='ocrx_word' id='word_1_226' title='bbox 391 3351 415 3416; x_wconf 87' lang='lat'><strong>9,</strong></span> <span class='ocrx_word' id='word_1_227' title='bbox 435 3351 466 3406; x_wconf 78' lang='lat'><strong>21</strong></span> 
     </span>
    </p>
   </div>
   <div class='ocr_carea' id='block_1_4' title="bbox 90 3504 1221 3767">
    <p class='ocr_par' dir='ltr' id='par_1_4' title="bbox 90 3504 1221 3767">
     <span class='ocr_line' id='line_1_29' title="bbox 143 3504 1221 3581; baseline 0.002 -19"><span class='ocrx_word' id='word_1_228' title='bbox 143 3508 162 3562; x_wconf 79' lang='lat'>3</span> <span class='ocrx_word' id='word_1_229' title='bbox 187 3505 260 3560; x_wconf 88' lang='lat' dir='ltr'><strong>fierit</strong></span> <span class='ocrx_word' id='word_1_230' title='bbox 285 3505 314 3559; x_wconf 88' lang='grc' dir='ltr'><strong><em>Β</em></strong></span> <span class='ocrx_word' id='word_1_231' title='bbox 416 3504 491 3559; x_wconf 89' lang='lat' dir='ltr'><strong>illioo</strong></span> <span class='ocrx_word' id='word_1_232' title='bbox 518 3505 546 3560; x_wconf 94' lang='grc' dir='ltr'><strong><em>Β</em></strong></span> <span class='ocrx_word' id='word_1_233' title='bbox 650 3506 797 3578; x_wconf 83' lang='lat' dir='ltr'><strong>disperatio</strong></span> <span class='ocrx_word' id='word_1_234' title='bbox 824 3508 852 3563; x_wconf 91' lang='lat' dir='ltr'><strong><em>B</em></strong></span> <span class='ocrx_word' id='word_1_235' title='bbox 954 3510 973 3564; x_wconf 88' lang='lat'>4</span> <span class='ocrx_word' id='word_1_236' title='bbox 994 3510 1163 3581; x_wconf 86' lang='lat' dir='ltr'><strong>promptiore</strong></span> <span class='ocrx_word' id='word_1_237' title='bbox 1186 3509 1221 3576; x_wconf 89' lang='grc' dir='ltr'><strong>Β,</strong></span> 
     </span>
     <span class='ocr_line' id='line_1_30' title="bbox 90 3589 1157 3665; baseline 0.003 -18"><span class='ocrx_word' id='word_1_238' title='bbox 90 3594 202 3664; x_wconf 84' lang='lat' dir='ltr'><strong>pptiora</strong></span> <span class='ocrx_word' id='word_1_239' title='bbox 220 3591 247 3646; x_wconf 98' lang='grc' dir='ltr'><strong><em>Β</em></strong></span> <span class='ocrx_word' id='word_1_240' title='bbox 342 3590 478 3645; x_wconf 87' lang='lat' dir='ltr'><strong>iubabinis</strong></span> <span class='ocrx_word' id='word_1_241' title='bbox 496 3589 524 3646; x_wconf 90' lang='grc' dir='ltr'><strong><em>Β</em></strong></span> <span class='ocrx_word' id='word_1_242' title='bbox 627 3593 644 3647; x_wconf 88' lang='lat'>5</span> <span class='ocrx_word' id='word_1_243' title='bbox 662 3594 785 3648; x_wconf 78' lang='lat' dir='ltr'><strong>infausta</strong></span> <span class='ocrx_word' id='word_1_244' title='bbox 803 3595 841 3649; x_wconf 78' lang='grc' dir='ltr'><strong>Βι</strong></span> <span class='ocrx_word' id='word_1_245' title='bbox 936 3596 1109 3665; x_wconf 79' lang='lat' dir='ltr'><strong>iungentibus</strong></span> <span class='ocrx_word' id='word_1_246' title='bbox 1131 3599 1157 3650; x_wconf 85' lang='grc' dir='ltr'><em>Τ</em></span> 
     </span>
     <span class='ocr_line' id='line_1_31' title="bbox 91 3676 1156 3767; baseline 0.004 -33"><span class='ocrx_word' id='word_1_247' title='bbox 91 3681 108 3734; x_wconf 89' lang='grc'><strong>6</strong></span> <span class='ocrx_word' id='word_1_248' title='bbox 125 3676 248 3734; x_wconf 84' lang='lat' dir='ltr'><strong>martiris</strong></span> <span class='ocrx_word' id='word_1_249' title='bbox 267 3677 295 3730; x_wconf 90' lang='grc' dir='ltr'><strong><em>Β</em></strong></span> <span class='ocrx_word' id='word_1_250' title='bbox 398 3676 414 3730; x_wconf 78' lang='lat' dir='ltr'><strong>l</strong></span> <span class='ocrx_word' id='word_1_251' title='bbox 438 3680 576 3746; x_wconf 75' lang='lat' dir='ltr'><strong>praecatus</strong></span> <span class='ocrx_word' id='word_1_252' title='bbox 600 3679 628 3733; x_wconf 91' lang='grc' dir='ltr'><strong><em>Β</em></strong></span> <span class='ocrx_word' id='word_1_253' title='bbox 731 3679 864 3749; x_wconf 81' lang='lat' dir='ltr'><strong>elegenda</strong></span> <span class='ocrx_word' id='word_1_254' title='bbox 882 3681 923 3748; x_wconf 91' lang='lat' dir='ltr'><strong>B,</strong></span> <span class='ocrx_word' id='word_1_255' title='bbox 950 3682 1110 3767; x_wconf 77' lang='lat' dir='ltr'><strong>edlleganda</strong></span> <span class='ocrx_word' id='word_1_256' title='bbox 1130 3685 1156 3739; x_wconf 86' lang='grc' dir='ltr'><em>Τ</em></span> 
     </span>
    </p>
   </div>
   <div class='ocr_carea' id='block_1_5' title="bbox 91 3781 1153 3848">
    <p class='ocr_par' dir='ltr' id='par_1_5' title="bbox 91 3781 1153 3848">
     <span class='ocr_line' id='line_1_32' title="bbox 91 3781 1153 3848; baseline 0.005 -10"><span class='ocrx_word' id='word_1_257' title='bbox 91 3785 108 3838; x_wconf 84' lang='lat'>9</span> <span class='ocrx_word' id='word_1_258' title='bbox 125 3797 189 3838; x_wconf 80' lang='lat' dir='ltr'><strong>auos</strong></span> <span class='ocrx_word' id='word_1_259' title='bbox 206 3781 234 3836; x_wconf 92' lang='grc' dir='ltr'><strong><em>Β</em></strong></span> <span class='ocrx_word' id='word_1_260' title='bbox 250 3797 271 3837; x_wconf 83' lang='lat' dir='ltr'><strong>a.</strong></span> <span class='ocrx_word' id='word_1_261' title='bbox 283 3783 310 3848; x_wconf 77' lang='lat' dir='ltr'><strong>t,</strong></span> <span class='ocrx_word' id='word_1_262' title='bbox 338 3785 399 3836; x_wconf 86' lang='lat' dir='ltr'><strong>tuos</strong></span> <span class='ocrx_word' id='word_1_263' title='bbox 417 3782 456 3838; x_wconf 85' lang='lat' dir='ltr'><strong>L¹</strong></span> <span class='ocrx_word' id='word_1_264' title='bbox 556 3782 589 3837; x_wconf 89' lang='grc'><strong>10</strong></span> <span class='ocrx_word' id='word_1_265' title='bbox 603 3783 743 3838; x_wconf 84' lang='lat' dir='ltr'><strong>ertrimem</strong></span> <span class='ocrx_word' id='word_1_266' title='bbox 756 3784 784 3839; x_wconf 91' lang='lat' dir='ltr'><strong><em>B</em></strong></span> <span class='ocrx_word' id='word_1_267' title='bbox 883 3785 916 3840; x_wconf 84' lang='lat'><strong>12</strong></span> <span class='ocrx_word' id='word_1_268' title='bbox 929 3784 1101 3842; x_wconf 76' lang='lat' dir='ltr'><strong>babtismatis</strong></span> <span class='ocrx_word' id='word_1_269' title='bbox 1114 3787 1153 3842; x_wconf 72' lang='grc' dir='ltr'><strong>Βί</strong></span> 
     </span>
    </p>
   </div>
   <div class='ocr_carea' id='block_1_6' title="bbox 90 3877 1221 4148">
    <p class='ocr_par' dir='ltr' id='par_1_6' title="bbox 90 3877 1221 4148">
     <span class='ocr_line' id='line_1_33' title="bbox 91 3877 1221 3978; baseline 0.004 -19"><span class='ocrx_word' id='word_1_270' title='bbox 91 3906 125 3959; x_wconf 85' lang='grc'><strong>14</strong></span> <span class='ocrx_word' id='word_1_271' title='bbox 147 3903 227 3974; x_wconf 74' lang='lat' dir='ltr'><strong>fugat</strong></span> <span class='ocrx_word' id='word_1_272' title='bbox 250 3902 290 3957; x_wconf 88' lang='lat' dir='ltr'><strong>B¹</strong></span> <span class='ocrx_word' id='word_1_273' title='bbox 396 3903 428 3958; x_wconf 87' lang='lat'><strong>15</strong></span> <span class='ocrx_word' id='word_1_274' title='bbox 451 3903 558 3972; x_wconf 83' lang='lat' dir='ltr'><strong>pruritu</strong></span> <span class='ocrx_word' id='word_1_275' title='bbox 580 3903 621 3971; x_wconf 90' lang='grc' dir='ltr'><strong>Β,</strong></span> <span class='ocrx_word' id='word_1_276' title='bbox 649 3877 743 3974; x_wconf 57' lang='lat' dir='ltr'><strong>p&#39;uritu</strong></span> <span class='ocrx_word' id='word_1_277' title='bbox 766 3911 824 3974; x_wconf 83' lang='lat' dir='ltr'><strong>(pr.</strong></span> <span class='ocrx_word' id='word_1_278' title='bbox 842 3921 861 3960; x_wconf 90' lang='lat' dir='ltr'><strong>u</strong></span> <span class='ocrx_word' id='word_1_279' title='bbox 878 3909 958 3971; x_wconf 71' lang='lat' dir='ltr'><strong>oon.)</strong></span> <span class='ocrx_word' id='word_1_280' title='bbox 981 3907 1009 3961; x_wconf 86' lang='lat' dir='ltr'><strong><em>L</em></strong></span> <span class='ocrx_word' id='word_1_281' title='bbox 1110 3883 1221 3978; x_wconf 60' lang='lat' dir='ltr'><strong>guumdi</strong></span> 
     </span>
     <span class='ocr_line' id='line_1_34' title="bbox 90 3988 1153 4062; baseline 0.004 -17"><span class='ocrx_word' id='word_1_282' title='bbox 90 3992 119 4045; x_wconf 93' lang='grc' dir='ltr'><strong><em>Β</em></strong></span> <span class='ocrx_word' id='word_1_283' title='bbox 223 3988 369 4044; x_wconf 88' lang='lat' dir='ltr'><strong>obleotione</strong></span> <span class='ocrx_word' id='word_1_284' title='bbox 386 3989 414 4044; x_wconf 92' lang='grc' dir='ltr'><strong><em>Β</em></strong></span> <span class='ocrx_word' id='word_1_285' title='bbox 518 3991 551 4044; x_wconf 90' lang='grc'><strong>16</strong></span> <span class='ocrx_word' id='word_1_286' title='bbox 574 3989 721 4060; x_wconf 81' lang='lat' dir='ltr'><strong>lugendum</strong></span> <span class='ocrx_word' id='word_1_287' title='bbox 741 3991 768 4045; x_wconf 93' lang='grc' dir='ltr'><strong><em>Β</em></strong></span> <span class='ocrx_word' id='word_1_288' title='bbox 874 3993 906 4047; x_wconf 87' lang='grc'><strong>19</strong></span> <span class='ocrx_word' id='word_1_289' title='bbox 923 3991 1109 4062; x_wconf 81' lang='lat' dir='ltr'><strong>eiquoliquerd</strong></span> <span class='ocrx_word' id='word_1_290' title='bbox 1125 3993 1153 4049; x_wconf 90' lang='grc' dir='ltr'><strong><em>Β</em></strong></span> 
     </span>
     <span class='ocr_line' id='line_1_35' title="bbox 90 4066 1220 4148; baseline 0.004 -16"><span class='ocrx_word' id='word_1_291' title='bbox 90 4077 166 4132; x_wconf 88' lang='lat' dir='ltr'><strong>oibus</strong></span> <span class='ocrx_word' id='word_1_292' title='bbox 189 4075 218 4130; x_wconf 91' lang='grc' dir='ltr'><strong><em>Β</em></strong></span> <span class='ocrx_word' id='word_1_293' title='bbox 320 4066 464 4132; x_wconf 83' lang='lat' dir='ltr'><strong>eommuni⁸</strong></span> <span class='ocrx_word' id='word_1_294' title='bbox 486 4076 515 4130; x_wconf 92' lang='grc' dir='ltr'><strong><em>Β</em></strong></span> <span class='ocrx_word' id='word_1_295' title='bbox 618 4077 653 4132; x_wconf 70' lang='grc'><strong>90</strong></span> <span class='ocrx_word' id='word_1_296' title='bbox 670 4075 792 4132; x_wconf 84' lang='lat' dir='ltr'><strong>analium</strong></span> <span class='ocrx_word' id='word_1_297' title='bbox 809 4079 972 4148; x_wconf 85' lang='lat' dir='ltr'><strong>praetiosum</strong></span> <span class='ocrx_word' id='word_1_298' title='bbox 990 4079 1019 4133; x_wconf 91' lang='grc' dir='ltr'><strong><em>Β</em></strong></span> <span class='ocrx_word' id='word_1_299' title='bbox 1120 4079 1220 4136; x_wconf 77' lang='lat' dir='ltr'><strong>diuitis</strong></span> 
     </span>
    </p>
   </div>
   <div class='ocr_carea' id='block_1_7' title="bbox 88 4163 1221 4407">
    <p class='ocr_par' dir='ltr' id='par_1_7' title="bbox 88 4163 1221 4407">
     <span class='ocr_line' id='line_1_36' title="bbox 89 4163 1221 4232; baseline 0.004 -14"><span class='ocrx_word' id='word_1_300' title='bbox 89 4163 119 4218; x_wconf 90' lang='grc' dir='ltr'><strong><em>Β</em></strong></span> <span class='ocrx_word' id='word_1_301' title='bbox 221 4164 256 4217; x_wconf 75' lang='lat' dir='ltr'><strong>al</strong></span> <span class='ocrx_word' id='word_1_302' title='bbox 282 4179 400 4220; x_wconf 78' lang='lat' dir='ltr'><strong>seruasse</strong></span> <span class='ocrx_word' id='word_1_303' title='bbox 425 4164 454 4218; x_wconf 91' lang='grc' dir='ltr'><strong><em>Β</em></strong></span> <span class='ocrx_word' id='word_1_304' title='bbox 554 4167 692 4232; x_wconf 85' lang='lat' dir='ltr'><strong>praeoatue</strong></span> <span class='ocrx_word' id='word_1_305' title='bbox 719 4163 747 4218; x_wconf 92' lang='grc' dir='ltr'><strong><em>Β</em></strong></span> <span class='ocrx_word' id='word_1_306' title='bbox 851 4164 1022 4220; x_wconf 71' lang='lat' dir='ltr'><strong>taedarum</strong></span> <span class='ocrx_word' id='word_1_307' title='bbox 1046 4166 1074 4220; x_wconf 91' lang='grc' dir='ltr'><strong><em>Β</em></strong></span> <span class='ocrx_word' id='word_1_308' title='bbox 1177 4168 1221 4222; x_wconf 82' lang='lat' dir='ltr'><strong>do·</strong></span> 
     </span>
     <span class='ocr_line' id='line_1_37' title="bbox 88 4249 1217 4407; baseline 0.007 -103"><span class='ocrx_word' id='word_1_309' title='bbox 88 4249 257 4407; x_wconf 45' lang='lat' dir='ltr'><strong>3322ss</strong></span> <span class='ocrx_word' id='word_1_310' title='bbox 270 4336 298 4392; x_wconf 76' lang='grc' dir='ltr'><strong><em>Β</em></strong></span> <span class='ocrx_word' id='word_1_311' title='bbox 354 4249 389 4306; x_wconf 66' lang='lat'><strong>23</strong></span> <span class='ocrx_word' id='word_1_312' title='bbox 406 4250 526 4305; x_wconf 82' lang='lat' dir='ltr'><strong>exhibere</strong></span> <span class='ocrx_word' id='word_1_313' title='bbox 539 4250 567 4305; x_wconf 89' lang='grc' dir='ltr'><strong><em>Β</em></strong></span> <span class='ocrx_word' id='word_1_314' title='bbox 664 4251 1217 4325; x_wconf 70' lang='lat' dir='ltr'><strong>aleyrogrephotlpeaefeorr.)1’uv,</strong></span> 
     </span>
    </p>
   </div>
   <div class='ocr_carea' id='block_1_8' title="bbox 0 0 1472 4934">
    <p class='ocr_par' dir='ltr' id='par_1_8' title="bbox 0 0 1472 4934">
     <span class='ocr_line' id='line_1_38' title="bbox 0 0 1472 4934; baseline 0 4"><span class='ocrx_word' id='word_1_315' title='bbox 0 0 1472 4934; x_wconf 95' lang='lat' dir='ltr'><strong> </strong></span> 
     </span>
    </p>
   </div>
  </div>
 </body>
</html>
