2934 4934
218 361 283 427 462
580 358 696 427 Magni
713 358 841 412 Felicia
859 356 992 413 Euuodi

217 548 335 615 litteris
352 546 491 630 soluerit,
511 547 582 630 plus
598 546 733 626 ditescit,
752 546 829 612 dum
843 567 900 632 per
919 548 1104 615 secretiores
1126 551 1251 615 meatus
1269 549 1362 633 quasi

216 666 432 736 permagnos
462 649 568 716 alueos
598 667 678 732 quas
709 649 844 716 adillas
873 650 993 717 directa
1019 653 1095 717 sunt
1121 652 1242 718 fluenta
1269 653 1362 718 redu·

220 759 345 835 cuntur,
370 772 427 819 nec
449 753 531 836 quod
554 772 610 838 per
632 754 742 838 guttas
758 754 910 831 emiseris,
934 774 996 822 non
1015 754 1109 820 aliter
1124 774 1218 838 quam
1233 755 1265 821 si
1278 757 1362 822 rela-

217 858 323 923 bentis
352 856 434 923 Ionii
459 860 512 922 ius
542 858 675 939 babeas,
705 856 889 941 possidebis.
915 860 996 943 -quis
1023 858 1155 942 peritiae
1180 858 1361 942 depositum

218 964 321 1045 neget,
345 960 406 1026 nisi
419 961 485 1043 Tqui
507 960 664 1033 desiderat
684 962 965 1041 mendicuseffici,
989 961 1245 1031 damnauerunt?
1266 962 1393 1029 istiuas

218 1064 265 1129 rei
286 1064 424 1142 fructus,
456 1064 538 1146 quod
566 1064 684 1130 mirum
710 1063 798 1130 dictu
820 1068 883 1149 est,
912 1063 945 1129 iu
977 1063 1206 1131 abundantiam
1234 1065 1361 1132 refusus

218 1170 390 1249 exaestuet,
415 1166 491 1233 dum
514 1166 635 1233 ieiunos
659 1166 758 1232 faciat
780 1166 978 1234 incubantes.
1005 1186 1078 1253 ergo
1093 1170 1165 1254 post
1179 1187 1273 1254 opem
1290 1187 1362 1235 cae

217 1272 341 1351 lestem,
364 1274 436 1353 post
458 1270 586 1352 superni
607 1270 725 1337 fauoris
749 1270 913 1350 auxilium,
939 1271 1088 1338 ministra
1109 1273 1223 1355 quibus
1246 1274 1361 1351 utaris,

218 1393 269 1441 ars
285 1374 471 1454 ueneranda,
489 1374 674 1457 praeconiis,
691 1378 723 1439 et
738 1374 930 1467 inuentionis
945 1375 1020 1440 turae
1036 1375 1117 1440 bono
1139 1376 1178 1441 de
1194 1374 1256 1455 his,
1281 1396 1363 1461 quae

220 1480 293 1543 ato
316 1478 435 1544 luerint
459 1478 594 1555 directa,
624 1477 794 1561 gratulare.
833 1480 906 1543 ate
928 1479 999 1542 orta
1021 1478 1053 1542 in
1080 1494 1139 1542 usn
1160 1478 1269 1544 laudis
1293 1498 1391 1545 ram-o

219 1580 372 1663 plectere:
397 1600 454 1649 nos
477 1580 558 1647 nihil
574 1584 682 1647 manet
703 1582 737 1646 in
752 1582 813 1647 bac
826 1586 916 1665 parte
932 1580 1015 1665 quod
1032 1582 1165 1668 dignum
1179 1582 1223 1647 sit
1238 1584 1361 1650 ultione

218 1686 270 1751 uel
293 1686 443 1770 praemio.
466 1685 553 1755 fidoli
576 1684 639 1752 oris
661 1684 763 1751 nostri
787 1684 944 1751 famulatu
959 1686 987 1751 si
1002 1704 1113 1771 pamm
1131 1686 1165 1750 in
1181 1687 1362 1753 eleuatioue

218 1790 404 1856 meritorum
418 1793 547 1856 tuorum
562 1790 772 1875 suggerimus,
790 1790 849 1855 hoc
862 1790 989 1855 dedisti.
1018 1809 1074 1856 nos
1088 1790 1199 1858 horum
1214 1793 1363 1859 amnium

219 1894 345 1961 fistulae
368 1878 476 1961 sumus
498 1894 745 1977 necquicquam
768 1895 806 1959 de
828 1893 925 1977 copiis
953 1893 1113 1960 commissi
1136 1895 1269 1978 liquoris
1294 1896 1362 1961 ebi-

220 1999 333 2064 bimus.
357 2000 394 2062 tu
415 2000 452 2063 ut
474 2016 531 2080 per
552 2016 607 2061 nos
627 1996 754 2062 'meritis
776 1996 841 2061 tuis
863 1995 1062 2077 satisfacias,
1081 1997 1171 2081 quasi
1194 1998 1391 2083 Aegaeumn

219 2102 358 2184 pelagus,
381 2104 418 2167 ut
433 2102 588 2185 Pegaseas
611 2118 725 2185 gurges
741 2099 890 2165 inlabere.
913 2104 987 2167 ante
1002 2102 1109 2167 oculos
1126 2104 1250 2168 uestros
1272 2107 1359 2182 sunt,
1430 2121 1431 2172 1

221 2220 346 2269 morum
368 2205 545 2269 uestrorum
567 2204 594 2267 si
621 2203 699 2268 bene
715 2202 857 2286 exempla
871 2201 1027 2269 retinetis.
1051 2204 1159 2270 saluae
1173 2206 1251 2271 suut
1264 2225 1361 2289 quas·
1430 2249 1431 2290 ss

221 2324 354 2389 cumque
376 2308 414 2373 de
438 2326 533 2373 censu
554 2310 658 2371 uestro
683 2308 722 2372 ad
737 2325 866 2372 usuram
889 2325 1031 2391 gemmas
1048 2308 1263 2375 admonemus.
1289 2328 1360 2376 ecoe
1430 2351 1431 2374 t

219 2408 370 2475 uerticem
399 2428 506 2476 mcum
533 2428 698 2477 coruscans
727 2411 798 2475 luce
827 2408 936 2476 umtra
966 2409 1110 2477 diadema
1141 2412 1298 2479 nobilitat
1331 2414 1361 2478 et
1430 2463 1431 2506 ,

220 2514 428 2595 pretiosorum
454 2514 598 2597 lapidum
632 2514 755 2597 fulgore
783 2513 904 2579 uariato
934 2516 1049 2580 crescit
1077 2533 1113 2579 ex
1138 2515 1247 2599 genio,
1284 2516 1390 2582 duma

220 2619 424 2699 conpetenter
447 2617 631 2683 ostenditur.
661 2634 680 2681 a
702 2615 792 2683 uobis
815 2616 955 2682 radicem
981 2623 1110 2684 sumunt
1132 2619 1287 2685 instituta
1309 2640 1361 2686 sa·
1430 2613 1431 2692 ἒ

219 2720 373 2805 pientiae,
406 2740 462 2805 per
495 2739 551 2785 uos
578 2720 750 2785 informata
777 2720 990 2802 proferuntur.
1028 2721 1143 2787 ‘nullus
1171 2724 1239 2789 sine
1267 2723 1361 2792 uobis
1430 2711 1431 2800 p

220 2824 336 2904 pectori
359 2842 450 2906 sapor
472 2828 520 2889 est
534 2841 592 2889 nec
606 2825 736 2892 libertas
754 2822 892 2906 eloquio:
914 2841 970 2890 uos
984 2827 1115 2911 ingenui
1138 2826 1360 2893 testimoninm
1430 2813 1431 2878 Ῠ

220 2928 394 3012 sanguinis,
416 2946 472 2993 uos
495 2928 630 2993 materia
651 2925 791 3011 pudoris,
813 2946 868 3009 pcr
891 2946 949 2994 uos
972 2932 1054 3012 qnod
1076 2930 1156 2995 bene
1178 2948 1232 2995 cor
1256 2931 1360 2998 diota·
1430 2947 1431 3018 g

219 3031 302 3095 uerit
324 3030 434 3115 lingua
456 3028 670 3113 proloquitur:
695 3032 734 3096 ad
757 3029 1013 3115 inuestigandum
1035 3033 1097 3097 iter
1121 3034 1283 3099 iustitiam
1306 3052 1389 3101 uosa
1430 3051 1431 3102 ῑ

220 3132 392 3216 praebetis,
427 3133 503 3199 dum
533 3152 716 3218 oppressum
736 3132 883 3201 dumetis
912 3136 1042 3215 callem,
1077 3154 1138 3218 qno
1166 3141 1359 3219 expetuntur

222 3254 366 3319 superna,
382 3236 541 3321 purgatis:
565 3256 621 3303 uos
636 3238 796 3303 triticeam
811 3236 849 3303 de
863 3236 950 3303 loliis
964 3240 1116 3323 segetem,
1134 3257 1191 3304 uos
1207 3238 1358 3306 fecundas
1430 3225 1431 3290 l

271 3527 415 3582 lditesoit
432 3528 455 3594 b,
483 3528 598 3583 ditescat
615 3528 704 3593 LTV,
733 3528 845 3583 ditiecat
862 3528 890 3582 Β
984 3528 1074 3583 3uon
1092 3527 1142 3593 Bb,
1169 3542 1221 3582 oua.
1239 3528 1358 3584 anve

220 3620 300 3677 sirm.
388 3622 544 3697 bnegith
620 3623 778 3677 bdictusB
855 3621 1068 3677 habundantiam
1080 3622 1137 3677 ΒΤ
1222 3623 1357 3678 'lieiunus

220 3724 248 3779 Β
302 3701 305 3710 ⁴
351 3724 442 3795 liare]
467 3742 510 3779 ass
528 3724 556 3779 Β
574 3696 737 3781 utuidctur
840 3726 911 3780 bona
932 3724 968 3780 V¹
1073 3726 1103 3779 11
1127 3723 1188 3794 bac]
1206 3724 1291 3779 ac’B

220 3794 253 3873 sil
272 3818 386 3875 dedistis
404 3820 432 3877 Β
535 3820 721 3892 ampniumT
823 3822 857 3877 14
874 3820 988 3875 testulae
1005 3818 1044 3875 Β1
1149 3819 1235 3889 capiis
1259 3820 1290 3874 Β

220 3900 314 3987 liboris
331 3906 367 3973 Β,
382 3900 512 3977 'loquoris
534 3909 569 3963 2²¹
671 3906 810 3963 ebabimus
827 3907 855 3962 Β
963 3906 995 3962 15
1013 3922 1125 3978 aegeum
1142 3904 1236 3973 BLV,
1262 3924 1356 3979 egeam
1430 3909 1431 3922 ¹

223 3986 249 4067 r'r
347 3987 575 4081 napaeas-a
662 4011 803 4083 gurgen
897 4009 1048 4066 enarer
1145 4010 1177 4063 17
1194 3994 1279 4065 artri
1296 4012 1355 4079 nr,

220 4108 371 4171 nostrorum
398 4106 476 4161 BVb
586 4106 619 4161 19
646 4106 808 4171 choruscans
839 4106 863 4159 T
968 4105 1001 4161 21
1029 4108 1159 4161 suumunt
1186 4104 1227 4159 Βι
1248 4112 1291 4162 act
1315 4108 1356 4162 ui·

221 4210 302 4267 daur
361 4239 363 4247 ·
405 4210 691 4267 dlcoubeueLTV
748 4219 751 4226 ’
791 4212 1023 4281 260ppraossum
1046 4210 1089 4279 Β,
1115 4196 1355 4281 opperimur)

227 4306 255 4360 L
342 4306 438 4361 canem
457 4306 576 4361 dumetis
595 4306 689 4362 ΜΨ·
794 4306 828 4359 27
846 4305 970 4361 loooudas
991 4304 1028 4360 Ρ
