2934 4934
591 392 710 448 Dictio
730 392 805 448 xxl.
992 402 997 411 “
1198 391 1264 458 485

130 588 229 656 bilem
259 587 361 653 lilium
390 586 424 651 et
451 584 628 670 proximum
656 584 844 668 sepulturae.
878 601 1010 667 quaeso,
1035 582 1170 666 iudices,
1191 600 1263 665 pro-

130 694 275 757 nuntiate
309 689 384 773 quid
417 688 556 753 debeam.
594 688 720 753 interim
751 687 873 753 clarum
902 689 950 752 est
980 704 1033 751 me
1054 689 1087 751 et
1108 686 1263 753 cineribus

129 795 241 861 uitiosi
276 794 374 864 faisse
410 792 628 876 postpositum.
676 809 738 857 non
771 791 925 857 ambussit
958 794 1123 874 quicquam
1156 791 1196 856 ab
1228 808 1264 856 eo

129 900 317 965 auctoritate
338 896 478 981 parentis
501 896 640 978 exigere,
663 896 697 962 in
720 912 781 979 quo
802 914 870 963 esse
891 896 995 961 noluit
1016 896 1099 978 qnod
1119 899 1262 962 uocatur.

105 1002 255 1068 antinum
276 1000 355 1067 mihi
371 1001 411 1065 ad
425 1001 481 1066 hos
503 1016 579 1065 usus
601 1000 810 1066 ualitudinem
832 998 1007 1081 piratarum
1029 1001 1141 1065 catera
1161 1016 1264 1063 reser-

127 1107 253 1171 uassetl
287 1106 423 1171 facerem
452 1102 646 1187 praebitione
673 1101 808 1169 indebiti
834 1102 978 1169 alimenti
1005 1104 1129 1187 patrem
1157 1122 1265 1168 meum

126 1211 247 1293 pudore
268 1208 442 1291 captiuum,
463 1208 502 1272 ut
523 1207 659 1273 iniustus
681 1204 802 1272 arbiter
823 1206 862 1271 de
883 1205 1025 1289 propriae
1046 1207 1188 1289 gemeret
1201 1204 1265 1269 ini-

127 1313 253 1395 quitate
268 1310 452 1378 annuntias.
477 1311 563 1377 cibus
578 1310 672 1389 enim,
697 1310 752 1393 qui
765 1310 806 1375 ab
827 1310 885 1376 illo
905 1312 1093 1393 praestatur,
1117 1308 1167 1374 cui
1183 1309 1263 1374 nihil

125 1416 205 1482 boni
232 1414 428 1502 ruer<u>eris,
452 1414 610 1481 exhaurit:
633 1413 739 1479 ieiuna
764 1413 841 1479 sunt
865 1412 1033 1479 saturitate
1054 1431 1111 1479 sua
1130 1414 1263 1490 uiscera,

89 1546 117 1587 11
125 1538 210 1605 qnae
237 1536 299 1585 non
328 1519 445 1586 habent
473 1517 696 1584 conscientiam
723 1515 866 1583 beneficii
892 1521 967 1583 aute
995 1517 1123 1583 conlati.
1159 1516 1264 1583 nescio

125 1624 204 1708 quid
227 1622 265 1690 de
287 1623 406 1691 duobus
427 1620 502 1686 filiis
525 1620 618 1687 homo
641 1621 696 1688 ille
717 1622 783 1705 spei
804 1640 879 1688 suae
904 1620 1064 1687 residuum
1085 1622 1186 1703 putet,
1209 1620 1263 1704 qui

123 1746 228 1793 unum
248 1728 350 1793 terrae
370 1724 516 1811 reddidit,
538 1724 676 1792 alterum
698 1742 809 1809 passus
823 1725 872 1791 est
887 1726 920 1790 in
934 1728 1086 1809 perpetua
1100 1726 1264 1809 raptorum

125 1832 340 1898 dominatione
370 1828 500 1895 11111111.
533 1828 682 1911 accipiat,
712 1828 773 1893 nisi
796 1826 1015 1907 confunditur,
1040 1829 1187 1912 quicquid
1210 1848 1262 1894 er·

123 1935 242 2001 hausta
269 1933 428 2017 suppliciis
458 1930 602 1999 membra
628 1934 800 1999 demerent.
835 1933 998 1998 nonnoni
1028 1934 1101 2016 quid
1130 1951 1265 1999 seuera

87 2063 114 2104 rs
123 2038 290 2105 debilitato
306 2037 443 2121 flagitet:
466 2036 603 2115 interim,
620 2036 703 2118 quod
718 2036 858 2115 aduerte,
874 2054 984 2102 sumus
999 2035 1091 2102 ambo
1105 2037 1262 2120 pascendi

123 2144 203 2226 quid
230 2141 309 2207 mihi
342 2140 497 2207 rationem
531 2138 670 2205 modicae
703 2140 865 2206 facultatis
893 2140 1022 2205 adducis
1044 2141 1079 2205 in
1099 2140 1264 2208 medium?

123 2249 181 2329 qui
198 2263 303 2325 ‚nuum
324 2244 478 2310 redimere
500 2242 614 2323 noluit,
637 2242 683 2309 sic
704 2244 917 2309 substantiam
939 2262 1030 2309 suam
1046 2244 1201 2325 uendidit,
1222 2263 1262 2309 ne

123 2349 265 2433 pretium
286 2366 342 2431 pro
365 2350 496 2432 utroque
519 2346 688 2413 sufficeret.
724 2346 795 2431 quie
817 2346 1032 2415 infelicitatem
1055 2366 1169 2427 meam,
1192 2348 1263 2433 quis

121 2452 270 2519 miserias
302 2451 402 2535 possit
435 2454 609 2536 exponere?
646 2451 695 2517 cni
729 2454 802 2533 post
834 2450 951 2517 Cilicas
984 2455 1018 2517 et
1048 2452 1135 2534 ipsa,
1168 2469 1263 2534 quarn

84 2558 315 2639 surempsit,
348 2574 413 2621 esee
446 2554 546 2621 fertur
580 2554 708 2621 libertas
741 2554 896 2621 obnoxia?
933 2554 1028 2621 dicite
1062 2572 1262 2638 quaesumus,

122 2660 265 2738 iudices,
293 2658 322 2723 si
344 2660 375 2725 et
397 2658 432 2722 in
454 2658 557 2741 patria
579 2675 649 2723 mea
681 2657 838 2724 debitores
869 2656 1158 2741 pronuntiabimur,
1186 2657 1262 2740 quid

122 2765 238 2830 euasi?
261 2762 382 2829 addidit
405 2765 527 2827 creator
548 2760 768 2827 sanctissimus
783 2760 888 2827 dolere
903 2779 965 2839 me,
986 2761 1068 2843 qnod
1083 2760 1263 2825 emisissent

121 2866 236 2933 uincla
265 2884 460 2953 germanum.
494 2866 584 2949 quasi
611 2882 685 2930 uero
714 2866 842 2932 tautum
864 2884 883 2930 a
905 2864 995 2929 nobis
1024 2865 1128 2949 erigat
1149 2865 1263 2929 natura

122 2968 307 3047 seruitium,
330 2972 368 3033 ut
390 2972 562 3052 conpenset
584 2968 684 3051 erepti
706 2967 814 3033 fratris
835 2966 993 3047 hilaritas,
1015 2968 1099 3049 quod
1115 2969 1261 3033 remansi.

83 3089 267 3141 asamorem
290 3074 439 3139 debemus
462 3073 564 3139 carnis
586 3070 679 3137 sociis
702 3069 850 3137 absoluti.
878 3071 998 3137 credite
1020 3070 1138 3138 dicenti
1160 3070 1262 3137 mani·

122 3175 225 3241 loeta:
265 3175 411 3241 nesciunt
444 3175 559 3243 intrare
593 3176 632 3241 de
665 3174 765 3243 altero
798 3173 916 3259 gaudia
947 3174 1109 3241 hominem
1140 3194 1198 3261 pro
1230 3192 1263 3241 se

121 3278 302 3344 timentem.
325 3276 407 3344 illud
423 3279 508 3345 enim
521 3277 683 3361 inprobati
699 3296 785 3343 more
800 3277 917 3343 clamat
931 3279 1094 3360 examinis,
1117 3280 1263 3345 ditiorem

121 3399 194 3447 esse
224 3382 454 3463 quodammodo
475 3400 495 3446 a
516 3399 577 3465 qno
604 3379 724 3464 aliquid
753 3379 901 3463 poscitur.
936 3382 1034 3447 talem
1060 3382 1207 3448 technam
1228 3383 1263 3446 in

120 3484 407 3569 supplicationibus
435 3483 543 3550 fucata
571 3485 678 3549 seruat
703 3483 883 3563 urbanitas,
912 3485 950 3549 ut
971 3488 1080 3550 utatur
1101 3483 1262 3567 conposita

178 3693 192 3745 l
212 3706 293 3759 queso
311 3689 339 3744 Β
437 3690 455 3745 Β
474 3690 562 3761 potest
579 3690 697 3760 positum
716 3689 744 3744 Β
848 3688 995 3759 quidquam
1013 3690 1041 3744 Β
1144 3690 1262 3744 511111-

118 3777 199 3830 uaeit
217 3774 245 3830 Β
341 3775 358 3830 6
374 3776 462 3830 tacere
480 3774 507 3830 L
611 3775 627 3829 i
645 3774 747 3845 proprii
763 3774 791 3830 L
888 3776 1052 3831 anemurio
1069 3776 1180 3844 accipet,
1207 3791 1262 3829 me·

118 3865 192 3919 roris
210 3862 277 3917 labri
381 3863 489 3917 eranret
511 3861 539 3916 Β
643 3860 677 3916 13
695 3859 828 3930 quidquid
845 3863 956 3917 exausta
972 3861 1013 3916 Βι
1118 3862 1152 3917 14
1174 3862 1263 3917 deme·

118 3972 188 4023 rent
200 3968 250 4035 (osa
262 3966 445 4022 demeruerint
460 3966 485 4033 11)
503 3968 611 4036 scripsi,
638 3972 778 4035 gemerent
795 3967 858 4034 Bb,
884 3967 1019 4036 gemerint
1036 3962 1100 4030 LV,
1128 3938 1263 4035 pauserint

121 4056 156 4123 T,
187 4058 348 4124 gemuerunt
365 4053 447 4110 Simu
548 4052 582 4109 15
597 4054 701 4109 interea
718 4053 803 4109 ΜΨ
897 4052 991 4122 (11111ι
1086 4054 1120 4108 11
1138 4051 1262 4121 quidum

116 4158 190 4226 sort.
287 4156 321 4212 18
338 4156 469 4212 sufficerit
486 4154 526 4209 Βι
623 4156 656 4210 19
673 4121 801 4211 murrina
818 4157 854 4221 Β,
881 4156 1004 4211 miserias
1021 4172 1095 4211 meae
1112 4155 1197 4213 ΜΨ

117 4245 170 4315 qni
191 4240 275 4299 ΜΨ
374 4244 469 4313 ciliga·
491 4242 518 4297 Β
620 4240 656 4296 20
680 4242 826 4329 resumpsit
843 4242 871 4297 Β
974 4258 1118 4313 quesumus
1137 4241 1199 4300 LV

117 4346 157 4402 22
185 4342 281 4401 dolore
307 4344 374 4401 3¹11
484 4344 520 4401 28
544 4345 636 4415 noble]
661 4344 764 4401 nobilis
792 4345 829 4401 Τ·
940 4346 977 4401 ib
1003 4346 1125 4402 dabimus
1154 4348 1193 4402 Β1

117 4433 158 4488 28
177 4434 288 4501 tegnam
307 4430 435 4499 BLPV,
463 4434 574 4502 tequam
596 4432 630 4489 Ρ
733 4432 768 4487 29
785 4432 883 4503 iugata
901 4431 929 4488 Β
