2934 4934
401 1040 598 1128 LIBER
636 1038 899 1127 TERTIVS

646 1246 672 1313 Ι.

368 1381 543 1437 sanarem
564 1380 736 1437 aflacopo
754 1380 946 1436 ENNODIVS.

136 1506 247 1571 Prima
267 1524 317 1571 res
339 1508 389 1570 est
410 1509 518 1570 sancto
541 1505 724 1569 conueniens
753 1501 819 1569 sine
842 1502 1039 1570 dubitatione
1060 1506 1217 1589 proposito

99 1612 206 1691 sponte
228 1627 284 1691 pro
305 1606 427 1674 iustitia
449 1606 552 1673 iacere
568 1605 716 1691 quicquid
732 1606 788 1672 alii
810 1608 912 1672 solent
925 1606 1052 1673 monitis
1067 1608 1217 1684 exhibere,

81 1711 151 1776 seed
171 1709 331 1777 honestati
351 1709 492 1793 proxima
519 1710 572 1775 uel
594 1711 731 1777 secunda
757 1710 851 1775 rectis
882 1708 1134 1795 suggestionibus
1157 1728 1217 1777 non

98 1814 229 1897 gmuari.
253 1816 287 1879 in
309 1833 372 1897 qua
391 1819 480 1896 parte
502 1817 533 1879 et
554 1818 582 1879 si
603 1813 778 1897 principem
801 1812 906 1879 locum
928 1832 990 1879 non
1012 1813 1149 1896 possidet
1164 1815 1217 1896 qui

98 1922 256 1995 monetur,
278 1916 373 1983 habet
394 1918 503 1982 tamen
524 1916 576 1983 dei
597 1919 750 1999 gratiam,
780 1919 861 2000 quod
884 1914 1029 1983 ueritatis
1051 1910 1217 1982 insinuati·

101 2020 211 2086 onibus
234 2040 295 2085 non
317 2022 478 2105 repugnat.
501 2039 626 2087 causam
648 2039 721 2105 ergo
745 2020 946 2103 praefationis
967 2020 1101 2098 insinuo,
1124 2039 1163 2085 ue
1185 2019 1217 2083 et

100 2146 155 2211 ego
176 2125 351 2192 utilitatem
367 2142 469 2191 meam
484 2123 607 2189 differre
629 2126 735 2190 uidear
756 2123 935 2205 prolixitate
949 2140 1134 2188 sermonum.
1158 2120 1215 2187 du-

69 2249 91 2288 10
100 2229 173 2295 dum
200 2247 257 2312 per
278 2247 329 2293 me
351 2226 532 2310 suppliciter
553 2227 724 2309 postulaui,
754 2229 790 2292 nt
820 2226 858 2292 de
880 2224 1053 2308 mancipiis,
1076 2244 1154 2308 quae
1177 2224 1215 2289 de

98 2349 165 2398 casa
187 2349 259 2398 mea
280 2348 299 2394 a
321 2330 432 2397 uestris
454 2331 625 2397 sollicitata
647 2332 821 2407 constabat,
844 2348 941 2395 unum
962 2328 1040 2394 mihi
1061 2328 1143 2411 quod
1165 2347 1213 2392 re-

98 2440 255 2501 manserat
278 2433 467 2501 redderetur.
490 2433 621 2499 dedistis
636 2433 779 2515 precibus
795 2433 873 2497 meis
888 2436 996 2498 sancta
1013 2432 1215 2516 promissione

97 2556 292 2621 responsum,
329 2537 366 2603 ut
389 2535 513 2602 etiamsi
536 2534 626 2600 nobis
647 2553 725 2617 puer
746 2536 811 2619 ipse
840 2532 907 2600 iure
930 2537 1124 2620 conpeteret,
1161 2552 1217 2599 uos

99 2644 202 2706 tamen
224 2640 362 2724 gratiam
383 2639 554 2705 commodis
577 2637 737 2705 anteferre.
761 2656 900 2721 regresso
922 2658 973 2705 me
995 2639 1034 2705 de
1055 2640 1216 2723 1111011111,

69 2744 174 2824 equod
197 2742 288 2807 dictu
309 2741 396 2806 nefas
419 2744 482 2820 est,
515 2759 571 2827 pro
594 2742 728 2825 peccatis
751 2742 829 2807 meis
852 2740 996 2809 affectum
1018 2742 1217 2810 sacerdotalis

97 2845 234 2912 definitio
257 2845 370 2911 habere
386 2861 447 2910 non
461 2844 574 2928 potnit.
597 2842 739 2910 adscribo
761 2844 883 2911 meritis
906 2846 1001 2923 meis,
1025 2844 1106 2927 quod
1128 2846 1216 2910 cuius

97 2965 145 3013 ore
166 2951 335 3015 damnatur
357 2947 552 3014 mendacium
574 2949 695 3013 statuta
710 2947 853 3014 uiolauit.
877 2966 946 3014 eece
970 2947 1084 3013 iterum
1106 2966 1156 3013 me
1178 2948 1216 3013 ad

97 3052 315 3118 conscientiam
336 3051 474 3117 uestram
494 3049 610 3129 refero,
641 3068 709 3117 ecce
732 3049 814 3133 qnod
845 3050 948 3117 tilium
969 3052 1056 3117 decet
1078 3050 1215 3131 exhibeo,

97 3156 131 3217 ut
151 3173 206 3237 per
229 3154 394 3219 sublimem
424 3153 456 3218 et
476 3152 678 3237 magnificum
699 3154 804 3220 ninum
826 3154 973 3219 domnum
996 3152 1156 3220 Victorem
1177 3154 1217 3219 ad

68 3255 309 3323 rehumilitatem
337 3256 493 3323 conferam
522 3256 671 3339 quicquid
697 3257 776 3323 mihi
797 3259 920 3341 poterat
949 3256 1055 3339 legum
1078 3256 1217 3322 saecula·

96 3358 175 3425 rium
197 3358 385 3425 auctoritate
400 3360 563 3440 praestari.
586 3360 690 3425 uidete
704 3359 732 3424 si
753 3378 826 3425 rcus
841 3379 922 3438 sum,
947 3361 1001 3442 qni
1016 3358 1096 3443 elegi
1112 3360 1217 3423 uirum

98 3464 274 3529 antistitum
296 3464 433 3528 moribus
455 3464 691 3548 congruentem,
728 3464 783 3545 qni
811 3464 863 3528 uel
888 3464 998 3529 contra
1026 3460 1216 3547 ae'qnitatom

96 3564 334 3651 repugnantium
363 3564 516 3631 indomita
543 3568 649 3647 posset
672 3566 766 3631 corda
795 3565 928 3632 mollire.
968 3564 1115 3630 effectum
1137 3564 1217 3629 mihi

143 3784 167 3838 L
201 3784 376 3841 2111101111
393 3800 443 3839 oss.
463 3786 488 3839 T
586 3788 604 3839 4
622 3785 754 3855 quidquid
771 3786 798 3840 Β
894 3786 956 3841 01110
977 3788 1002 3841 T
1101 3785 1217 3841 511010·

97 3873 164 3924 01110
183 3872 210 3926 Τ
310 3871 481 3940 suggestibus
509 3871 544 3925 2²¹
655 3873 673 3927 6
701 3872 818 3941 possedit
845 3874 873 3928 Β
982 3872 997 3925 't
1019 3872 1104 3940 001001
1122 3870 1150 3926 L

98 3954 287 4023 iprotsxitate
304 3956 332 4010 Β
441 3957 476 4010 10
492 3972 540 4026 pro
556 3972 601 4013 sne
617 3958 685 4024 fort.
789 3958 950 4027 suppleoiter
967 3957 1103 4027 postolani
1120 3956 1148 4010 Β

97 4040 468 4098 transmeamus
574 4043 1217 4111 lbutidemuctetccsciiioot,afiWicaar

97 4123 215 4181 8110011011
231 4126 270 4181 11
279 4144 310 4195 p.
327 4130 383 4181 249
493 4129 528 4183 14
551 4128 682 4183 anteierit
700 4128 735 4183 Γ
752 4135 785 4183 aa
801 4128 916 4185 cidem
1028 4129 1060 4184 16
1087 4129 1216 4185 diffinitio

96 4211 162 4265 Pro
247 4213 279 4267 li
297 4212 456 4279 damnantur
473 4214 500 4268 L
592 4215 625 4269 18
641 4214 741 4285 filium]
757 4213 878 4269 fidebam
894 4216 922 4270 Β
1009 4215 1147 4271 1911111111
1165 4232 1215 4271 orna

96 4331 122 4384 a
202 4332 447 4401 amuranus,
460 4302 661 4391 munima
741 4337 1181 4407 aequaeuaoqmurumm
