2934 4934
447 376 683 446 Epistularum
705 375 793 431 liber
809 374 889 432 vm.
1168 376 1233 445 205

103 566 256 650 exemplo.
277 567 435 647 expugnat
450 564 626 629 calcaribus
645 563 831 629 tarditatem
854 564 908 647 qni
923 564 1056 631 formam
1070 564 1233 631 ministrat

102 668 209 735 cilicii.
231 668 283 733 his
304 686 378 752 ergo
399 667 600 733 salutationis
614 679 740 732 'munus
761 667 933 750 inpertiens
957 684 1067 734 mrum
1090 686 1141 733 me
1164 686 1233 734 esse

101 773 181 855 poet¹
195 773 463 855 inaequalitatem,
486 787 580 853 quam
601 770 808 854 propeccatis
830 788 898 835 sem
920 786 1039 853 passus,
1056 771 1183 837 enuntio
1199 771 1231 836 et

102 876 224 941 statum
245 878 370 941 nestrae
389 875 606 957 prosperitatis
627 872 770 956 inquiro,
806 888 934 956 sperans
955 874 992 938 nt
1013 870 1048 938 in
1069 872 1162 939 huius
1184 872 1230 939 rei

82 977 257 1045 ssoluticne
276 978 399 1044 multus
421 980 608 1073 incumbas

633 1166 705 1231 VH.

480 1298 638 1357 statmo
664 1296 855 1356 annontvs

145 1422 241 1506 Apud
274 1422 396 1488 sanctas
428 1422 634 1489 conscientias
668 1441 731 1488 non
765 1426 860 1507 negat
890 1420 1015 1487 caritati
1045 1421 1152 1488 debita
1174 1440 1232 1489 sna

102 1526 226 1610 gratiae
249 1526 430 1610 principalis
453 1527 613 1609 occupatio
635 1544 693 1591 nec
708 1524 852 1591 eliminat
874 1524 919 1608 pii
941 1525 1054 1591 amoris
1070 1524 1144 1591 cula
1167 1524 1230 1590 fer-

73 1646 221 1694 onorem
256 1628 473 1694 testimoninm
506 1632 562 1695 dat
596 1628 717 1696 solidae
754 1626 921 1693 adfectieni
954 1628 1008 1710 qui
1045 1648 1114 1694 eam
1151 1630 1232 1694 inter

103 1731 322 1812 iupedimenta
336 1730 494 1798 obliuione
510 1751 573 1798 non
588 1732 704 1798 obruit.
728 1732 942 1798 commendate
960 1732 1038 1797 mihi
1061 1730 1230 1815 scriptione

103 1837 245 1903 culmina
265 1839 384 1913 uestra,
417 1854 497 1919 quae
517 1839 590 1901 noto
611 1836 798 1919 inportunus
821 1834 954 1899 emerui:
983 1834 1123 1901 custodia
1146 1852 1232 1901 com-

102 1939 263 2006 munionis
274 1939 371 2003 honor
384 1942 435 2003 set
444 1934 646 2022 digmtatum
661 1936 711 2003 his
723 1953 796 2021 ergo
807 1936 1085 2020 obsequentissime
1091 1936 1232 2003 salutans

103 2042 255 2127 epistolae
277 2042 435 2108 breuitate
455 2042 645 2126 constringo,
668 2042 769 2106 aciem
804 2056 894 2124 posse
917 2043 1081 2123 productas
1102 2040 1230 2117 horreri,

70 2147 223 2213 emmens
244 2149 281 2210 nt
302 2162 357 2228 pro
383 2163 442 2209 me
474 2144 600 2211 domino
632 2145 750 2227 gratias
772 2142 932 2221 referatis,
977 2143 1031 2227 qui
1052 2142 1231 2210 molestiam

103 2268 198 2333 quam
221 2248 346 2333 pertuli,
369 2250 538 2330 antequam
562 2264 630 2313 eam
654 2247 770 2312 discas
792 2245 986 2329 potuissetis,
1009 2245 1166 2313 abstersit.

625 2435 714 2501 VIII.

389 2568 564 2627 flammo
580 2570 741 2627 nmconc
758 2568 951 2626 ENNODIVS.

145 2692 269 2778 Quibus
293 2695 393 2761 modis
415 2694 647 2760 fraternitatem
662 2696 752 2759 tuam
774 2695 814 2759 ad
836 2694 1034 2761 scribendum
1049 2712 1149 2776 queue
1165 2694 1231 2761 arte

72 2800 281 2875 asellicitem
315 2798 436 2880 quando
468 2797 560 2862 homo
593 2798 759 2861 uerborum
791 2796 932 2879 locuples
964 2797 996 2861 in
1030 2814 1081 2861 me
1103 2794 1231 2861 silentia

102 2902 268 2985 peregrina
289 2897 450 2967 maces?
472 2899 562 2983 elegi,
584 2901 622 2964 ut
643 2898 730 2981 loqui
745 2900 777 2963 te
792 2898 946 2982 loquendo
969 2899 1082 2965 faciam
1098 2902 1129 2964 et
1141 2898 1231 2963 illam

103 3005 247 3070 Atticam
269 3004 477 3069 eruditionem
510 3005 548 3068 ad
583 3003 729 3086 epistolas
758 3002 820 3069 alia
842 3001 1028 3086 garrulitate
1049 3001 1230 3084 producam.

104 3108 223 3174 iustum
246 3107 262 3172 f
283 3106 306 3171 't
328 3108 364 3172 ut
384 3110 433 3172 tot
460 3104 570 3172 diebus
591 3126 610 3171 a
631 3104 835 3189 promissione
858 3105 1023 3172 desisteres
1048 3108 1080 3171 et
1097 3106 1232 3189 qualiter

154 3364 344 3434 stuperem
364 3362 392 3417 Β
492 3378 535 3417 me
551 3364 620 3433 esse]
639 3378 724 3418 messe
742 3364 771 3417 Β
872 3362 1117 3433 dineqnalitatem
1139 3362 1165 3416 Β

106 3460 188 3556 pecias
206 3485 235 3541 Β
337 3485 458 3539 duestre
477 3483 504 3537 Β

152 3588 217 3646 m
252 3589 353 3657 8aput
369 3588 398 3641 Β
495 3588 616 3643 scanciae
635 3588 662 3640 Β
678 3593 711 3641 ct
728 3587 839 3656 saepae
942 3586 1119 3641 conscienciae
1138 3586 1165 3641 Β

105 3676 267 3731 9elimeuat
284 3675 312 3730 Β
416 3674 448 3728 12
466 3674 609 3744 importuu'
630 3674 666 3742 (n’
688 3690 723 3730 aa
739 3691 767 3728 m
785 3676 866 3741 corr.)
886 3674 918 3739 Τ,
944 3674 1021 3741 inpor
1039 3672 1067 3726 Β
1161 3687 1232 3729 ccm-

104 3763 236 3819 monicnis
249 3761 276 3815 Β
363 3760 397 3817 13
408 3760 660 3829 obsequentissimae
671 3758 708 3825 Β,
725 3759 960 3830 obsequentissimi
971 3760 1014 3813 Pb
1101 3757 1135 3811 14
1146 3758 1233 3814 horrei

105 3848 158 3905 BL
245 3848 278 3903 15
288 3848 371 3905 facite
381 3846 446 3914 sort.
535 3847 568 3901 16
580 3844 705 3900 discente
715 3845 757 3913 (ds
768 3848 848 3914 eras.)
861 3844 888 3900 L
972 3845 1125 3915 potuissitis
1138 3844 1166 3899 Β

152 3954 235 4010 vm
281 3952 366 4007 Hanc
401 3952 546 4023 minatam
576 3968 637 4007 cam
670 3952 847 4007 medens-
876 3950 1018 4021 ceaitmait
1051 3948 1233 4019 inscriptione

106 4042 203 4095 missa
229 4040 247 4093 b
348 4039 383 4094 18
408 4038 523 4108 hilpidio
552 4036 588 4103 Β,
619 4036 717 4107 elpidio
744 4036 772 4091 L
875 4035 946 4089 diaci
973 4035 1010 4101 Β,
1041 4035 1111 4089 dissi
1138 4033 1165 4088 L

106 4128 137 4180 19
163 4126 198 4181 ad
216 4126 249 4196 a]
267 4124 471 4180 adscribendum
494 4124 533 4191 B,
564 4121 752 4178 ascribendum
774 4122 802 4177 L
906 4122 940 4175 20
967 4120 1097 4175 solicitem
1123 4119 1163 4173 B¹

105 4212 239 4283 locuplsps
256 4210 297 4266 Β1
398 4210 521 4266 cillentia
542 4210 568 4264 V
669 4209 701 4263 21
719 4212 748 4263 te
766 4209 838 4278 loqui
857 4206 907 4261 Pb
1008 4206 1042 4261 22
1060 4206 1126 4276 alia]
1146 4204 1233 4261 latina

106 4297 170 4363 tort.
273 4297 416 4368 producam
432 4297 460 4352 Β
563 4297 597 4351 23
614 4297 675 4350 tota
692 4293 751 4350 LV
850 4294 988 4349 desisteris
1006 4293 1034 4347 Β
1271 4294 1273 4297 ’
