2934 4934
447 364 685 433 Epistularum
704 365 795 420 liber
811 364 873 421 VH.
1162 368 1222 435 193

96 559 128 621 et
146 555 257 621 dextro
279 571 402 634 semper
421 551 527 618 omine
538 571 593 637 per
613 571 647 619 se
663 551 903 635 splendentibus
918 570 1044 620 usuram
1065 555 1151 621 uocis
1172 554 1223 623 in·

95 658 270 742 pendimus
312 656 406 722 troile
436 655 502 721 eius
531 656 632 721 lucem
661 657 715 738 qui
742 656 824 722 nitet
852 656 1014 740 adfirmas,
1048 674 1105 741 pec
1133 661 1224 727 deest

55 802 59 805 -
96 779 198 827 sermo
221 761 274 842 qui
297 758 510 824 commodetur
530 758 693 824 absolutis.
716 761 762 824 sic
783 760 821 824 de
843 760 961 827 atelle
976 762 1128 844 premisso
1149 782 1222 847 pro-

96 862 236 929 cessistis
257 860 433 939 adfatibus,
466 863 554 943 qnasi
583 859 674 927 uobis
697 860 865 944 aliquando
893 864 1024 930 obscenis
1053 866 1225 931 mentiendi

75 968 208 1032 sinisset
230 963 374 1031 adiectio.
408 982 485 1029 uere
512 983 568 1047 per
588 964 727 1029 enimam
756 984 858 1031 meam
881 965 1003 1033 facilius
1032 984 1136 1035 sentos
1158 988 1225 1035 cre·

95 1071 204 1135 darem
233 1068 299 1134 labi
324 1069 358 1133 in
379 1068 462 1133 bane
489 1066 612 1133 foueam
637 1084 729 1151 posse
759 1069 930 1150 pontifices.
973 1070 1053 1137 uitia
1085 1076 1225 1139 maturos

95 1174 252 1249 nesciunt,
273 1172 334 1237 nisi
347 1189 424 1254 quos
442 1169 617 1253 primaeuos
638 1169 815 1236 inbuerint:
837 1171 986 1238 infitiatio
999 1174 1032 1237 iu
1048 1173 1227 1241 hominibus

95 1294 177 1342 noua
198 1292 262 1340 non
283 1275 457 1358 geminat:
491 1274 637 1358 quicquid
669 1275 703 1341 in
726 1278 862 1344 moribus
890 1277 1005 1343 nostris
1026 1281 1088 1357 est,
1122 1281 1156 1345 et
1176 1296 1228 1345 se·

66 1407 69 1411 ⁸
95 1381 205 1462 quitur
231 1382 265 1444 et
284 1378 463 1462 praecessit.
500 1378 631 1461 proinde
651 1376 774 1455 ualete,
803 1380 922 1446 ostrum
944 1381 1079 1447 Latiaris
1100 1382 1225 1467 eloquii,

62 1486 127 1547 ieet
154 1481 238 1547 nihi
264 1481 512 1547 uic'msitudinem
538 1483 672 1546 amando
700 1482 875 1566 restituite,
908 1483 989 1551 illud
1017 1485 1226 1567 prenitentes,

95 1590 134 1650 ut
160 1604 219 1669 pro
246 1586 484 1668 conpensatione
513 1584 671 1651 tarditatis
704 1584 818 1669 dignus
851 1586 929 1653 milii
962 1604 1091 1653 munem
1121 1590 1227 1654 uestro

97 1706 197 1771 equus
219 1688 388 1753 secunus

598 1824 732 1892 XXVIL

500 1960 682 2019 ENNODIVS
702 1963 828 2020 PROBO.

60 2092 87 2132 ιο
140 2066 234 2152 Elige
256 2068 410 2133 iacturam
432 2068 573 2150 pudoris,
607 2087 646 2134 ne
676 2070 805 2137 subeam
837 2068 968 2135 dedecus
994 2085 1056 2135 non
1082 2072 1227 2149 amantis,

96 2173 198 2236 sciens
220 2170 343 2235 facilius
359 2169 466 2237 sarciri
480 2188 570 2252 posse
591 2170 706 2237 frontis
720 2171 835 2239 damna
852 2191 946 2254 quam
960 2170 1042 2237 fidei.
1066 2172 1226 2240 indoctum

97 2292 167 2339 esse
189 2271 383 2339 infelicitatis
411 2274 477 2353 eet,
506 2274 639 2339 uirtutes
661 2274 800 2341 familiae
822 2278 947 2341 uestrae
969 2274 1068 2341 odisse
1095 2294 1144 2341 res
1166 2276 1228 2343 ori·

96 2376 206 2441 minis.
222 2377 380 2458 potuimus
395 2374 570 2460 disciplinis
584 2376 765 2443 liberalibus
777 2377 911 2445 defuisse
925 2398 985 2445 non
997 2378 1228 2461 delinquentes:

98 2478 182 2545 nulli
205 2478 333 2555 sufficit,
363 2482 444 2545 unde
466 2497 567 2545 mores
591 2481 732 2547 excussit
764 2499 820 2567 ego
842 2484 874 2547 in
896 2482 1102 2565 amplitudine
1124 2484 1230 2549 uestis

61 2584 282 2649 „coaceruata
304 2582 463 2665 epistolari
485 2601 626 2649 sermone
647 2583 729 2650 bona
744 2602 806 2651 nou
828 2588 979 2651 uenemr?
1000 2603 1056 2669 ego
1071 2604 1133 2651 non
1148 2584 1229 2651 illud

96 2685 223 2769 generis
255 2688 362 2751 lumen
394 2687 624 2770 amplificatum
650 2689 766 2755 studiis
799 2692 831 2754 et
853 2689 1007 2772 probitate
1038 2680 1230 2772 suspiciam?

96 2790 227 2855 uidetur
239 2789 319 2854 mihi
333 2808 394 2855 non
416 2791 508 2873 longe
531 2789 571 2855 ab
586 2790 754 2857 honestate
775 2792 945 2859 desciscere
961 2791 1015 2873 qui
1031 2790 1107 2858 colit
1123 2808 1228 2856 emen·

98 2893 201 2971 datos,
219 2893 294 2957 dum
310 2892 448 2959 creditur
460 2894 647 2977 quicumque
657 2895 768 2961 sectari
779 2913 867 2979 posse
879 2894 959 2977 quod
970 2893 1085 2979 diligit
1101 2891 1229 2977 proinde

97 2996 172 3061 nale
199 2996 410 3077 pergratiam
440 2997 491 3061 dei
521 3000 553 3060 et
583 2997 724 3063 studium
746 3016 852 3063 meum
879 2997 1051 3083 adprobans
1073 2997 1230 3065 amantem

60 3100 149 3163 rstui
172 3098 329 3181 amplifica
351 3098 468 3163 muniis
492 3098 680 3165 litterarum.

591 3286 743 3353 XXVIII.

342 3422 527 3479 mnoolvs
544 3422 735 3479 nnsoosso
756 3422 994 3480 Psnssrultno

147 3526 228 3592 Veto
243 3546 314 3593 meo
337 3526 518 3611 obsequitur
540 3548 617 3613 quae
631 3529 777 3595 ministra
799 3530 839 3595 ad
853 3548 909 3596 uos
932 3528 1110 3613 scriptionis
1122 3522 1231 3595 'existit

95 3631 234 3743 occasio.
259 3649 334 3696 nem
356 3636 388 3696 et
410 3633 605 3713 praesentiae
626 3632 694 3698 uice
717 3632 879 3699 blanditur
901 3632 1080 3722 adloquium
1105 3634 1137 3697 et
1159 3648 1229 3716 pro·

156 3818 171 3869 1
188 3816 296 3873 bomine
313 3818 370 3883 Bb,·
396 3835 445 3875 eoa
463 3818 592 3874 Scleottees
609 3824 634 3873 et
652 3818 732 3874 sose
832 3834 908 3873 uoces
926 3819 954 3873 Β
1053 3817 1231 3900 iprimeiuus

92 3922 127 3977 B
233 3920 384 3978 imbuerint
410 3922 438 3977 B
456 3924 501 3992 (oa
519 3923 585 3990 rec.)
602 3922 631 3989 b⁴
657 3922 801 3977 inbnarent
823 3921 852 3977 Β
955 3922 988 3976 10
1013 3918 1231 3975 uiceesitudinem

89 4008 139 4063 B¹
246 4006 835 4077 mequmsce.1.m.ree.)o,equoss

157 4108 274 4166 xxm.
310 4112 343 4165 16
363 4110 456 4165 lareiri
480 4111 518 4165 Β1
535 4109 699 4166 atatim
802 4110 835 4164 19
857 4108 969 4167 nullior!
988 4109 1016 4164 Β
1118 4107 1153 4162 20
1174 4120 1232 4161 coa·

88 4196 212 4253 cerbeta
228 4196 275 4251 Bb
371 4196 597 4252 22disciseereB
692 4196 762 4251 colet
775 4193 999 4260 emendetuth3
1018 4208 1066 4249 os.
1080 4192 1162 4249 Satn

152 4297 288 4356 XXVIII.
323 4300 357 4353 29
376 4300 526 4370 alloquium
544 4301 601 4354 B’b
674 4311 681 4325 ·

151 4400 204 4455 VI.
813 4406 815 4409 '
1096 4400 1129 4455 13
