2934 4934
240 386 303 451 110
594 380 709 451 Magni
727 381 854 436 Felicis
872 379 1004 435 Ennodi

238 574 323 638 auito
338 591 373 637 se
387 572 503 655 cespite
519 570 611 635 deflet
624 570 794 650 abiectum,
809 570 862 652 qui
877 570 944 653 spei
956 590 1027 636 suae
1038 571 1199 637 residuum
1212 572 1245 636 in
1260 572 1368 636 uestro

238 676 326 759 ponit
341 674 489 750 examine,
513 694 552 739 ne
567 675 738 739 aduersarii
761 675 826 751 eius
841 674 980 757 potentio
996 672 1033 739 de
1048 674 1134 740 locro
1148 678 1180 739 et
1196 664 1368 740 securitate

238 779 427 861 gratuletur.
449 794 505 841 nos
527 778 635 859 legum
657 779 862 854 sacramenta,
894 795 949 841 uos
973 775 1112 842 defensio
1135 778 1264 859 respicit
1291 777 1368 843 sub-

238 882 421 947 missorum:
444 897 500 964 ego
522 880 628 961 partes
650 898 736 945 meas
759 880 1017 944 conmendatione
1033 880 1163 946 munini.
1186 880 1368 946 uenerabile

239 1003 310 1071 ergo
332 1001 445 1049 nomen
469 991 581 1066 augete
602 981 772 1061 beneficiis,
808 982 881 1063 quia
904 984 978 1047 dum
1001 980 1087 1049 insta
1121 982 1272 1067 tribuitis,
1307 1002 1403 1053 noos

237 1088 295 1152 illa
315 1106 395 1171 quae
417 1089 455 1153 ad
477 1086 720 1152 misericordiam
745 1085 902 1170 pertinent
923 1084 1125 1168 posthabetis.
1163 1086 1288 1152 domine
1310 1087 1367 1168 mi,

238 1192 444 1256 reuerentiam
459 1189 585 1255 salutati
602 1188 762 1271 accipiens,
778 1188 825 1253 ita
839 1188 981 1271 precibus
996 1191 1074 1254 meis
1090 1188 1235 1255 effectum
1251 1190 1367 1269 tribue,

238 1294 274 1358 ut
288 1294 446 1377 proprium
462 1291 658 1367 desidorium,
679 1292 753 1356 dum
771 1291 918 1357 honestas
936 1290 1099 1372 adseritur,
1117 1292 1215 1376 possit
1229 1294 1367 1376 impleri.

761 1456 856 1529 xvi:

619 1596 803 1653 ENNODIVS
822 1598 986 1655 AGAPITO.
1380 1616 1403 1657 ro

281 1709 354 1773 Iure
376 1725 559 1789 responsum
592 1705 820 1788 multiplicibus
854 1709 1031 1790 posceretur
1066 1706 1219 1789 alloquiis
1253 1706 1282 1769 si
1304 1722 1368 1771 non

238 1814 377 1896 ingratas
413 1810 554 1877 extitisse
575 1809 705 1894 paginas
739 1826 825 1873 meas
847 1809 1076 1893 magnitudinis
1109 1812 1182 1875 tuoe
1204 1808 1368 1873 silentium

237 1916 416 1979 testaretur.
440 1914 556 1979 clomot
579 1913 662 1977 enim
678 1910 880 1977 taciturnitas
904 1917 1009 1978 uestra
1024 1914 1184 1996 garrulum
1200 1912 1370 1997 displicere

238 2019 270 2081 et
291 2036 407 2082 nouum
431 2015 590 2081 uindictae
612 2034 720 2099 genus,
736 2015 773 2079 ut
795 2013 912 2099 opinor,
937 2016 1079 2099 inquirit,
1103 2016 1224 2099 quando
1247 2034 1368 2085 senon

237 2117 326 2184 uidet
347 2118 553 2203 promouisse‚
576 2117 658 2201 qnod
680 2117 776 2183 siluit.
801 2118 894 2203 agitis
917 2120 1078 2201 epistolari
1104 2120 1303 2201 abstinentia,
1329 2142 1403 2187 nere

240 2223 278 2286 ab
312 2221 456 2304 inperitis
480 2220 520 2286 ad
548 2238 603 2285 uos
633 2221 749 2303 scripta
783 2224 967 2287 mittantur:
1002 2224 1165 2305 ademptus
1188 2226 1294 2290 mmen
1319 2228 1370 2291 cst

239 2326 378 2391 effectus.
395 2324 610 2409 prouidentiae
624 2327 749 2390 uestrae
768 2324 929 2407 profutura
945 2326 1095 2393 tractato:
1112 2326 1247 2393 crebrior
1263 2326 1369 2393 factus

239 2428 364 2494 eumin
396 2427 562 2510 scriptione
590 2429 797 2512 contemptus.
821 2431 875 2494 sed
910 2430 1039 2495 breuem
1073 2450 1247 2497 sermonem
1279 2432 1371 2497 decet

238 2530 380 2597 exhibere
404 2550 484 2608 eum,
508 2533 561 2613 qui
583 2550 699 2615 magna
726 2531 869 2597 doluerit.
896 2532 1047 2599 cultorem
1070 2538 1211 2599 uestrum
1233 2534 1370 2600 fratrem

238 2655 344 2701 meum
365 2634 572 2701 Panlronium
588 2634 764 2718 epistolaris
781 2635 863 2718 apud
878 2637 1001 2701 culmen
1017 2642 1155 2702 nestrum
1172 2656 1246 2703 cura
1268 2638 1369 2703 comi·
1380 2658 1404 2699 ro

237 2740 335 2821 tatur,
359 2738 408 2805 cui
433 2738 579 2820 quicquid
603 2739 722 2823 gratiae
739 2757 920 2805 conoessum
944 2738 1040 2805 luerit
1055 2758 1104 2805 me
1121 2758 1240 2824 quoque
1255 2741 1370 2824 inpen-

239 2860 344 2908 sornm
366 2842 502 2908 uinculis
517 2840 679 2925 obligabit,
703 2841 755 2905 cui
771 2842 865 2907 etiom
883 2841 1040 2925 aliquado
1056 2842 1198 2908 Vicariae
1212 2844 1370 2924 dignitate

238 2946 431 3028 suggerenda
445 2945 590 3014 conmisi.
602 2963 656 3009 uos
668 2945 854 3028 petitionem
866 2964 967 3010 meam
980 2945 1019 3011 ad
1031 2946 1177 3012 effectum
1192 2946 1369 3029 perducite,

239 3048 310 3126 quie
331 3050 445 3113 adsum
467 3048 607 3131 partibus
630 3048 718 3125 meis,
743 3051 885 3131 quotiens
908 3050 991 3131 apud
1014 3050 1283 3116 emendatissimos
1309 3050 1369 3119 ho·

238 3152 359 3216 minum
383 3168 476 3233 cogor
498 3151 603 3217 subire
625 3151 850 3231 testimonium,
874 3152 950 3217 dum
973 3152 1067 3218 certis
1090 3152 1227 3219 exhibeo.
1379 3172 1403 3214 se

291 3372 304 3424 1
323 3369 457 3424 abiectum
470 3368 549 3423 delict
569 3370 596 3423 Τ
675 3370 824 3441 residuum]
842 3370 877 3429 ol.
890 3372 1035 3427 remedium
1048 3372 1075 3427 P
1084 3373 1117 3427 iet
1127 3388 1178 3445 ηιμ.
1191 3390 1225 3429 m.
1238 3374 1296 3429 ora

237 3457 255 3511 2
272 3459 300 3511 et
316 3482 343 3511 u
359 3456 387 3511 Β
490 3456 508 3509 3
531 3455 746 3511 sublimissorum
765 3458 793 3513 Β
894 3459 911 3513 4
934 3459 1039 3514 muniui
1060 3476 1110 3515 oro.
1131 3461 1157 3515 T
1257 3460 1370 3516 biusta

238 3545 266 3610 (a
282 3558 318 3599 ec
334 3559 349 3597 o
365 3542 413 3597 uel
430 3558 459 3597 cc
475 3557 545 3600 corr.
563 3559 597 3597 m.
616 3548 644 3611 1)
667 3544 693 3598 V
794 3544 932 3599 tribuistis
958 3545 1041 3601 L¹Pb
1149 3547 1166 3601 6
1192 3546 1369 3617 posthabetes

238 3664 266 3718 s
351 3663 421 3717 misr
439 3661 528 3718 nno
625 3662 742 3717 assius
763 3664 798 3719 m
899 3630 1029 3735 ermion
1046 3666 1087 3733 n;
1112 3668 1174 3721 fine
1191 3668 1256 3724 aco.
1275 3668 1304 3723 s

265 3764 363 3881 ¹XVI.
399 3766 433 3820 10
449 3766 599 3835 acapitoL
701 3770 733 3824 11
757 3770 901 3839 poscentur
921 3770 965 3838 T¹,
990 3774 1113 3841 poscetur
1132 3771 1169 3826 Π
1274 3772 1309 3827 13
1327 3772 1371 3827 (11-

238 3888 336 3957 spicere
353 3887 382 3942 Β
469 3886 503 3942 14
520 3888 640 3959 inquiret
657 3888 685 3943 Β
773 3890 805 3946 16
823 3890 945 3946 ademtus
963 3893 991 3947 Β
1080 3893 1112 3948 17
1130 3894 1240 3949 affectus
1253 3894 1297 3949 Pb

237 3976 354 4029 tractare
371 3974 415 4029 Pb
513 3974 546 4030 18
564 3978 715 4031 contemtus
732 3976 761 4031 Β
857 3978 891 4033 19
908 3978 1038 4050 uestrum]
1059 3996 1121 4035 uero
1140 3981 1167 4035 T
1253 3978 1371 4053 20apnt

241 4060 267 4113 Τ
360 4061 391 4115 21
410 4060 537 4131 quicquid
555 4064 628 4132 (quic
644 4078 665 4118 s.
678 4063 696 4118 1.
714 4068 790 4130 m.11
813 4060 844 4130 V,
872 4064 1004 4135 quidquid
1022 4067 1050 4121 Β
1144 4081 1251 4136 quoquo
1269 4066 1298 4122 Β

237 4146 418 4215 impensorum
436 4150 461 4216 b,
488 4148 521 4203 al.
541 4154 618 4219 ipsso
637 4151 666 4205 P
681 4152 712 4204 iro
729 4165 777 4221 rap.
795 4166 829 4206 m.
849 4152 908 4207 utic
1011 4152 1180 4224 assungur
1197 4153 1224 4208 L
1326 4154 1370 4209 ui-

233 4234 323 4289 ·cariao
341 4236 424 4302 (ouria
439 4237 474 4291 tn
490 4238 557 4305 ros.)
580 4236 609 4291 V
705 4236 741 4293 23
763 4238 870 4293 comissi
894 4239 932 4294 Β
1035 4240 1070 4295 25
1093 4238 1369 4311 eortis1a1.diesrtis

238 4320 267 4375 P
281 4320 314 4375 iro
330 4336 381 4391 rap.
399 4338 433 4378 m
451 4322 511 4378 utic
613 4322 732 4395 exhibeo]
750 4325 813 4381 finit
829 4326 894 4381 odd.
913 4326 942 4382 Β
