2934 4934
597 348 713 403 niueis
737 346 771 403 x.
1186 349 1253 419 455

118 540 168 606 tot
195 540 477 607 misericordiarum
503 542 618 623 gradus
638 541 678 605 ad
701 538 795 605 huius
823 537 980 605 mouentit
1007 552 1156 620 personae
1176 556 1250 621 pro·

117 642 249 709 festum.
294 644 326 708 et
348 642 430 707 illud
451 644 559 709 domni
580 640 745 709 Laurentii
765 643 848 724 quod
868 640 981 707 mnndi
1009 641 1250 709 nenessitstibus

115 746 275 811 sussurrit
295 746 457 831 ingenium
479 745 513 811 in
534 745 709 813 ministerio
725 744 820 811 huius
835 745 996 811 exereetur
1016 744 1178 811 infantuli.
1201 747 1251 811 mni

115 850 193 915 talis
216 867 279 915 non
300 848 353 927 sit,
375 852 412 913 ut
434 866 508 915 uere
533 848 675 929 dixerim,
699 847 839 933 gratiosa
859 846 1045 916 osismios?
1074 867 1167 932 quem
1189 866 1251 916 nou

88 952 209 1019 sinuet
231 950 376 1019 amisisse
391 956 523 1033 patrem,
546 953 605 1018 sab
620 952 744 1017 lucrosa
758 951 1002 1017 eommutstiono
1016 952 1043 1016 si
1058 952 1157 1019 tslem
1178 970 1252 1019 oen·

114 1054 242 1121 oeditnn
263 1055 443 1121 inuenisse?
485 1055 570 1121 tenti
593 1054 655 1121 uiri
681 1054 835 1140 insignis,
865 1072 942 1136 quas
967 1055 1098 1137 implere
1123 1073 1251 1137 nequeo,

111 1176 172 1242 pen
186 1158 319 1243 profana
336 1158 434 1223 uerbo
455 1176 518 1225 nou
531 1162 663 1225 temere.
685 1159 752 1242 ipse
772 1162 832 1241 est,
854 1158 945 1223 ouius
962 1158 1011 1223 est
1026 1157 1128 1225 duleis
1143 1159 1251 1225 auoto-

111 1263 195 1328 ritas
219 1264 274 1328 sut
295 1262 419 1327 horride
442 1262 587 1341 duloedo‚
618 1262 673 1346 qui
700 1263 889 1342 mrum
911 1260 943 1327 in
973 1261 1120 1339 eoolesis,
1150 1262 1252 1345 msgi·

112 1366 218 1431 mrum
240 1366 274 1430 in
296 1369 398 1448 domo,
420 1365 609 1449 megistrnm
632 1366 665 1431 in
692 1365 853 1444 oonniuio,
880 1366 1072 1450 magistrum
1094 1364 1196 1447 inplet
1218 1367 1251 1431 in

70 1498 99 1538 ιο
112 1471 201 1547 iocis,
226 1470 280 1552 qui
302 1487 476 1552 numquam
499 1468 575 1535 faoit
597 1469 680 1551 qnod
702 1470 868 1551 sequentes
891 1468 973 1536 nolit
995 1468 1127 1546 imitari,
1160 1470 1249 1535 ouius

111 1573 157 1639 ad
187 1590 325 1657 unguem
353 1572 453 1655 polita
481 1572 679 1639 oonusnsatio
707 1574 842 1639 oseleste
869 1573 933 1639 iter
959 1571 1140 1655 discipulis,
1174 1574 1249 1640 dum

110 1674 245 1755 insedit,
268 1674 425 1741 ostendite
453 1676 556 1743 minor
579 1675 663 1743 enim
685 1676 756 1741 laus
771 1676 821 1741 est
835 1675 945 1741 dooere
963 1676 1054 1754 beno,
1076 1676 1137 1741 nisi
1160 1693 1251 1758 opere

111 1780 257 1846 doomds
277 1779 515 1847 monstrauaris
537 1779 632 1845 huius
646 1778 709 1847 uiri
724 1782 869 1861 suseepto
882 1778 1077 1847 adnleseenti
1092 1779 1167 1861 qnid
1181 1796 1251 1845 mas

110 1882 332 1965 praestitisset
345 1886 455 1961 oratio,
477 1902 570 1966 quem
594 1882 724 1951 euentus
745 1883 854 1949 denter
868 1882 908 1949 de
920 1880 1111 1949 institutoris
1127 1878 1250 1947 meritis

70 1990 223 2055 asmsnet
251 1986 344 2053 etde
372 1988 517 2055 orbitatis
543 1986 755 2071 prosperitate
782 1984 956 2073 pendeatio?
992 1986 1066 2052 huie
1086 1983 1250 2052 sufficiunt

109 2092 240 2173 petroni
261 2107 384 2175 pressa,
406 2110 463 2174 per
485 2109 564 2175 quse
585 2090 761 2157 merebitur
779 2090 938 2158 institutis
958 2089 1088 2173 optimis
1111 2088 1250 2154 imbutus

110 2194 306 2277 degenerare
326 2190 519 2261 sublimiter.

662 2484 701 2551 K

111 2688 269 2757 DICTIO.
306 2691 562 2759 GRATIABVM
589 2690 715 2759 scuto
748 2687 1037 2763 GRAMMATICO
1071 2687 1249 2771 stNoo

70 2842 100 2883 so
357 2810 601 2881 PARTENIVS
630 2812 743 2881 BENE
769 2810 1008 2882 seclusum.

157 3000 287 3081 Quando
309 3001 430 3067 debitas
445 2999 605 3067 benefieiis
620 2998 783 3067 reddimus
801 3000 935 3085 gratias,
955 2999 1047 3064 enode
1062 2996 1145 3082 quod
1159 2995 1250 3062 abin-

110 3122 222 3169 ramus
253 3104 441 3171 iactantiam
469 3103 653 3171 necessariis
684 3104 898 3187 obsequendo:
928 3101 1018 3168 nullo
1046 3102 1129 3167 enim
1155 3103 1250 3172 adro·

112 3206 242 3291 gantise
263 3211 370 3273 tumor
391 3207 567 3273 honestatis
590 3208 717 3272 uelatur
739 3206 936 3284 indumento,
959 3224 1033 3271 oum
1047 3223 1111 3270 non
1132 3204 1250 3287 gloriae

111 3308 257 3377 militant
277 3309 386 3389 uesbs,
409 3312 466 3377 sed
480 3309 636 3394 sanguini
659 3310 747 3377 sliud
770 3313 818 3375 est
833 3309 917 3375 enim
933 3312 969 3375 ut
982 3307 1123 3375 lauderis
1137 3309 1252 3386 disere,

70 3410 201 3483 sadud
230 3410 334 3478 dinero
356 3431 396 3479 ne
417 3412 565 3496 oarpnnis.
609 3412 655 3479 ibi
675 3429 766 3481 mens
787 3431 885 3479 susus
906 3412 1010 3479 ismae
1035 3414 1084 3478 est
1106 3410 1250 3477 subiecta

110 3514 296 3594 iactantiae,
327 3516 379 3583 hio
409 3521 537 3582 serusts
557 3516 679 3583 ratione
700 3517 771 3582 iure
793 3517 827 3582 in
849 3515 952 3582 loaum
982 3516 1110 3601 gloriae,
1132 3513 1250 3596 redigit

163 3790 181 3846 2
207 3775 256 3844 dni
282 3789 309 3844 T
409 3790 427 3845 4
453 3806 516 3846 neno
544 3791 571 3846 1,
674 3792 690 3846 5
718 3760 854 3847 amississe
882 3791 909 3847 V
1010 3790 1118 3847 lsomss
1145 3787 1180 3843 V¹

110 3887 126 3941 7
152 3884 292 3955 prophana
319 3884 345 3939 Τ
448 3885 481 3939 ll
508 3886 581 3939 inter
608 3885 646 3942 Π
753 3886 786 3940 12
812 3886 911 3941 indidit
940 3885 1037 3941 ΠΨ
1136 3884 1171 3938 15
1195 3882 1250 3937 suf·

110 3978 209 4035 fitinnt
225 3976 285 4035 LV

44 4169 51 4193 .
161 4098 196 4157 X.
222 4098 461 4167 mnodo-uim
480 4100 645 4157 Soholnsties
658 4103 755 4170 quarta
765 4102 927 4163 issesodd
940 4089 1027 4157 Stmss
1122 4099 1156 4155 21
1169 4099 1250 4156 bene·

108 4193 179 4249 fleis
204 4192 232 4248 V
329 4193 365 4249 22
391 4196 534 4251 mantiam
562 4196 590 4249 Β
693 4196 728 4250 23
756 4197 862 4252 uelatos
888 4197 915 4251 Β
1018 4196 1054 4251 24
1081 4194 1250 4251 uaiindmaat

108 4288 138 4344 Β
243 4286 278 4343 25
296 4302 345 4345 neo
363 4291 470 4359 appetis
488 4290 515 4344 L
620 4290 654 4345 26
672 4290 758 4360 glorie
774 4292 803 4346 Β
