2934 4934
237 360 302 429 146
595 354 712 427 lingui
729 352 858 410 Velitis
875 350 1006 409 quodi

235 552 390 632 superest,
412 566 526 633 qmeso
547 550 585 611 ut
604 547 709 612 status
730 544 814 612 eires
835 563 887 610 me
907 542 1028 629 gratias
1050 543 1190 619 nestrae,
1219 541 1361 625 quemuis
1450 490 1452 585 i

236 654 283 719 stt
305 652 517 737 plenissimus,
539 649 640 715 odino
660 650 768 715 teman
789 646 925 732 resipere
946 648 1079 733 cogatur
1099 648 1277 732 augmenta.

745 800 862 869 XXVI.

613 919 773 978 nermo
796 918 989 977 eunomus,

281 1030 442 1097 Besistunt
465 1030 592 1110 peooste
620 1026 779 1094 desideriis
803 1026 836 1092 et
864 1026 902 1091 ut
927 1022 1112 1091 meritorum
1134 1022 1234 1109 status
1264 1018 1396 1089 doliu-s
1452 972 1453 977 Ἰ

236 1132 406 1218 quentibus
427 1131 618 1211 innoteseat,
649 1150 668 1195 a
696 1129 852 1196 labiorum
874 1127 1075 1213 proximitate
1105 1126 1211 1210 eupite
1239 1126 1363 1192 subtra-

236 1238 361 1303 huntur.
386 1235 488 1301 aerius
511 1234 665 1319 sdlligunt
687 1231 806 1313 oblata,
830 1250 903 1298 oum
924 1233 1071 1317 pereunt:
1098 1228 1200 1313 potior
1214 1228 1285 1295 sitis
1306 1232 1363 1307 est,

106 1416 108 1420 ¹
237 1359 333 1424 quam
355 1338 510 1404 undarum
532 1340 644 1423 gustus
666 1338 848 1419 exaggerat:
871 1353 933 1401 non
954 1334 1051 1399 urunt
1065 1331 1249 1398 memoriam
1263 1331 1364 1414 prima

238 1441 342 1509 fronte
363 1440 480 1525 negata
493 1437 658 1505 bonefisio:
681 1438 751 1521 quis
767 1438 848 1504 ierat
862 1438 1018 1523 ingestam
1035 1434 1133 1503 oeulis
1148 1451 1245 1517 aequo
1260 1432 1364 1499 sninro

190 1578 194 1587 ·
237 1564 271 1610 ee
291 1543 463 1627 perdidisse
485 1540 705 1607 dulcedinem?
742 1541 797 1606 sod
818 1547 900 1607 reete
922 1543 984 1607 iste
1005 1540 1045 1606 sd
1067 1556 1234 1623 supernam
1256 1536 1398 1608 remit-o

235 1650 348 1715 tuntnr
369 1646 610 1732 prouidentiam,
632 1663 694 1728 qua
713 1646 854 1711 caelestis
876 1644 1067 1729 dispensatio
1088 1641 1230 1727 mysterii
1251 1639 1365 1708 ideireo

236 1751 380 1817 humanis
402 1748 657 1833 dispositionibus
677 1766 789 1815 manus
817 1750 960 1833 opponit,
994 1748 1032 1813 ut
1053 1750 1198 1815 uotorum
1225 1747 1365 1829 praestet

236 1854 393 1921 ellectum.
426 1854 553 1919 ssnotus
576 1853 665 1936 pater
686 1854 794 1918 uester
813 1851 949 1919 libenter
970 1870 1003 1917 se
1031 1852 1208 1936 puniturum
1234 1846 1366 1915 iussioni

237 1955 464 2041 magnitudinis
485 1959 607 2021 noemae
628 1955 733 2022 fuerat
754 1958 793 2022 de
814 1974 887 2022 mea
908 1955 1085 2023 oooursioue
1110 1953 1287 2038 pollioitus,
1311 1952 1367 2017 sed
1455 2024 1456 2041 χ

236 2057 376 2124 animum
399 2059 466 2123 eius
481 2058 516 2123 in
531 2058 690 2125 diuersam
711 2062 904 2140 pertempto
926 2057 1078 2137 utilitate,
1102 2058 1256 2140 quantum
1278 2054 1399 2131 dicito
1455 2046 1456 2067 *

237 2162 386 2227 molesios
407 2160 661 2243 superuenieniin
681 2180 809 2245 rapuere
831 2161 974 2241 oonsilio,
997 2160 1081 2227 siout
1099 2158 1233 2243 praefati
1248 2157 1369 2243 pagina

237 2264 277 2330 sd
298 2282 357 2329 uos
378 2262 498 2331 dneota
518 2262 699 2331 dselsreuit
745 2264 956 2349 praestolatur
984 2266 1092 2331 tenum
1120 2280 1212 2345 super
1240 2261 1368 2345 negotio

237 2367 398 2449 designato
420 2366 648 2450 magnitudinis
670 2371 792 2435 nostroe
814 2368 951 2433 seeundo
971 2366 1152 2450 eonloquia,
1182 2383 1242 2451 quo
1264 2364 1367 2431 maui-

237 2468 348 2535 iestius
368 2468 402 2535 iu
425 2468 532 2536 fremo
554 2471 652 2536 nestri
673 2470 783 2538 Fausti
805 2470 931 2555 patrioii
952 2471 1093 2537 utilitate
1107 2490 1159 2537 me
1176 2486 1243 2536 esse
1257 2486 1367 2535 neess-

236 2573 355 2640 sarium
375 2576 541 2655 reseretur,
574 2572 664 2639 ouius
689 2573 812 2659 gratiae
841 2574 921 2641 nrlril
954 2575 1014 2642 sibi
1048 2574 1196 2641 aestimat
1229 2572 1401 2642 liberorum

236 2676 400 2762 denegare.
424 2677 507 2761 quod
520 2679 628 2762 restat,
651 2678 792 2762 obsequii
807 2677 870 2743 mei
884 2677 1066 2745 humilitate
1081 2679 1225 2762 suseepte
1245 2692 1367 2760 preeor,

236 2780 273 2847 ut
294 2780 375 2847 oaeli
397 2781 509 2866 opifex,
531 2782 586 2865 qui
608 2780 741 2847 eulmiui
763 2782 866 2847 uestro
887 2780 1054 2863 paruitatis
1077 2799 1164 2847 meae
1187 2798 1295 2847 euram
1317 2784 1368 2847 est
1455 2854 1456 2867 ,

236 2883 384 2967 uersus
405 2883 578 2966 infundere,
600 2883 668 2967 ipse
689 2902 745 2966 per
767 2902 823 2951 uos
844 2884 1000 2968 sequenda
1021 2886 1174 2967 disponat.
1455 2872 1456 2883 ’

732 3038 868 3105 XXVII.

598 3154 782 3213 ursanum
805 3154 999 3215 ENNODIVS.

278 3259 379 3346 Supra
388 3259 516 3327 modum
526 3281 578 3327 me
593 3261 768 3329 sollieitant
782 3263 941 3344 proeurati
955 3264 1060 3330 studia
1074 3264 1230 3355 indefessa
1243 3269 1366 3337 silentii
1455 3350 1456 3365 ,

235 3367 268 3429 et
288 3364 365 3431 lieet
386 3365 509 3430 animus
530 3366 563 3430 in
585 3364 720 3431 statione
736 3367 778 3431 sit
792 3366 920 3452 positus,
944 3368 1109 3434 contristat
1123 3372 1277 3439 sermonis
1293 3375 1368 3440 sbs-

288 3552 304 3605 1
321 3554 396 3607 satus
413 3552 451 3620 B,
550 3556 657 3608 neumas
673 3569 725 3609 oss.
746 3554 778 3623 Τ,
876 3554 894 3608 2
911 3554 1046 3625 eogitntnr
1063 3554 1139 3623 nn,
1236 3561 1368 3627 agnem
1455 3566 1456 3639 ᾗ

236 3653 279 3723 I'„
297 3658 442 3722 augmento
458 3655 510 3723 L,;
535 3643 623 3726 explse
639 3656 704 3713 add
722 3657 761 3728 B,
1455 3702 1456 3735 3

286 3738 384 3795 XXVI.
414 3742 653 3799 dauhtrshuntur
665 3747 719 3813 (pr.
731 3746 746 3797 t
756 3746 839 3809 corr.)
856 3742 885 3799 Β
978 3744 1172 3815 sexagenus
1267 3751 1296 3804 11
1312 3765 1369 3821 qus
1455 3756 1456 3789 ³

232 3827 342 3896 scripsi,
369 3842 438 3896 quae
455 3828 574 3896 BLI'V,
601 3829 725 3899 quonism
744 3830 791 3885 Pt
895 3830 1001 3885 celestis
1018 3830 1101 3886 ΜΨ
1201 3834 1234 3889 12
1251 3838 1368 3905 praestit

235 3912 271 3977 Β,
290 3916 390 3983 prestet
401 3914 462 3969 XV
542 3916 576 3971 14
587 3918 748 3987 oeeursione]
761 3918 935 3973 ooeesiionet
1026 3918 1059 3973 17
1071 3920 1296 3989 praestolaturi}

234 4016 487 4075 reserarem
585 4021 683 4089 perere
699 4020 729 4075 n
829 4021 946 4076 senes
963 4020 991 4077 n
1091 4022 1125 4077 21
1143 3994 1242 4094 refers
1259 4025 1295 4093 a,
1321 4026 1369 4082 se

234 4102 424 4170 rogarem
509 4105 658 4173 praeeorB
752 4105 1024 4165 mosomensem
1111 4110 1314 4169 uestrseffina

285 4186 401 4245 XXVII.
435 4189 470 4245 25
496 4191 617 4260 enpaniti
640 4192 669 4247 Β
776 4192 810 4248 26
836 4193 1003 4263 proeurntori
1029 4194 1057 4251 L
1158 4194 1193 4250 27
1219 4198 1369 4253 oontristnt

233 4275 327 4329 tumen
345 4274 392 4330 Po
410 4278 453 4343 (td
469 4276 499 4332 P
513 4292 536 4333 s.
553 4278 583 4346 l)
