2934 4934
315 407 430 475 Opusc.
449 408 481 463 V.
505 405 785 461 Eucharisticum
803 406 842 462 dc
859 407 933 461 nito
949 421 1015 460 sne
1167 407 1231 474 393

101 595 273 662 submissus
297 595 456 662 existendo
479 595 690 679 simplicibus,
719 599 820 664 totem
841 597 932 662 illum
954 597 1104 662 dominici
1126 597 1230 680 gregis

100 699 255 784 legionem
289 699 473 766 distinctam
503 703 590 779 ectu,
625 701 780 766 coriatam
814 700 978 784 gentibue,
1014 699 1104 783 quusi
1134 719 1231 765 onem

101 801 240 867 enimam
260 804 294 869 in
316 812 373 869 suu
396 804 560 870 effectione
589 803 727 890 collegit.
763 803 810 869 ibi
840 805 961 870 biennio
984 822 1018 868 ee
1039 807 1106 887 ipso
1127 805 1232 886 potior

100 905 211 971 mundi
225 905 316 972 istius
331 907 486 972 sarcinam
502 908 669 990 deponens,
686 909 788 974 uictor
802 907 998 986 insidiarum,
1015 925 1092 990 ques
1107 906 1231 989 entiqui

79 1009 251 1090 sserpentis
284 1011 373 1092 perat
407 1011 540 1088 astutis,
575 1013 658 1077 diem
692 995 836 1076 nostrum
863 1010 896 1075 et
921 1010 1024 1075 lucem
1058 1014 1230 1092 proesentis

99 1109 216 1177 saeculi
238 1113 379 1196 perpetui
400 1111 531 1178 luminis
550 1114 715 1197 adeptione
738 1114 955 1179 commutauit.
985 1117 1074 1178 tocco
1095 1113 1231 1194 qualiter

99 1216 199 1279 uitem
222 1215 319 1296 ipsius
342 1215 453 1281 mortis
476 1216 629 1282 claritudo
652 1217 835 1300 signauerit,
863 1234 902 1280 ne
916 1216 1064 1281 uniuerso
1084 1215 1230 1298 digerens

99 1335 159 1384 non
188 1323 255 1384 tum
283 1320 451 1386 ueritatem
479 1337 621 1386 nemauso
649 1339 743 1404 quam
771 1322 921 1406 praedicti
948 1318 1095 1384 leudibus
1122 1317 1231 1383 uidear

98 1422 282 1488 inmoratus.
320 1423 424 1488 ueluti
448 1424 474 1488 si
497 1423 567 1507 quis
590 1427 746 1490 consitum
768 1425 875 1490 lucum
897 1423 1054 1488 frondium
1076 1421 1230 1488 densitate

68 1527 280 1608 rcreppcrerit
304 1545 339 1592 ex
361 1545 421 1611 quc
445 1547 589 1594 coronam
612 1529 693 1593 ferro
716 1529 890 1610 stringente
905 1525 1079 1608 subripiens
1101 1524 1229 1607 genium

98 1631 209 1707 siluae,
233 1631 308 1696 dum
326 1633 498 1713 proesumit
513 1649 619 1714 perus,
643 1650 704 1697 uon
721 1634 863 1698 emouet:
887 1629 1069 1697 melioribus
1083 1629 1228 1710 equidem

99 1733 135 1798 de
158 1733 291 1800 Antonii
313 1735 412 1799 nostri
435 1735 542 1812 sectio,
566 1753 643 1818 ques
667 1736 741 1800 stilo
763 1754 824 1800 non
846 1735 962 1818 adfigi,
985 1734 1142 1798 nouanda
1161 1749 1229 1794 eer-

97 1839 180 1904 uoui.
218 1839 326 1903 uincor
348 1836 428 1904 lorte
450 1838 644 1921 eloquentiae
672 1838 817 1914 flumine,
848 1854 938 1902 nemo
962 1855 1012 1901 me
1033 1837 1116 1900 circe
1136 1834 1229 1900 illum

98 1941 258 2023 superabit
279 1939 403 2005 effectu.
442 1941 554 2006 hebeat
577 1941 631 2023 qui
652 1943 777 2006 secutus
800 1939 897 2005 fuerit
920 1941 957 2006 de
973 1941 1107 2023 peritiae
1128 1957 1229 2005 messe

67 2041 295 2122 summentium,
326 2041 404 2108 milri
433 2044 567 2128 gretiam
590 2043 673 2109 beuti
697 2043 832 2109 hominis
853 2061 945 2108 nemo
965 2045 1151 2128 preeripiet,
1173 2044 1228 2127 qni

97 2146 134 2210 ed
157 2144 341 2228 explimnde
363 2147 429 2211 eius
453 2145 533 2213 boue
555 2148 676 2230 primus
698 2145 827 2212 accessi.

644 2435 680 2500 V.

320 2623 673 2707 [EVCHABISTIOVM
695 2624 753 2692 DE
774 2626 878 2693 VITA
900 2625 1005 2710 SVA]

138 2819 175 2865 III
200 2816 333 2864 NOMINE
356 2816 477 2863 PATRIS
500 2815 544 2863 ΕΤ
567 2817 653 2864 FILII
676 2817 719 2864 ΕΤ
741 2819 896 2867 SPIRITVS
920 2819 1052 2868 senon.

66 2941 90 2982 rc
138 2917 309 2986 Oreculum
331 2921 380 2984 est
401 2921 600 2986 scientissimi
623 2920 759 2987 doctoris
781 2922 925 3006 gentium
947 2922 1029 3006 qnod
1054 2924 1156 3006 periet
1177 2922 1226 2987 in·

97 3023 231 3090 firmitas
254 3026 362 3090 nostro
376 3024 552 3106 potentiam
568 3027 598 3087 et
614 3025 696 3110 quod
712 3029 836 3090 terrene
853 3026 888 3089 in
909 3025 1100 3092 contritIone
1121 3027 1228 3092 enims

98 3124 310 3208 crudescat,
340 3143 411 3191 cum
439 3125 561 3210 uirtus,
592 3144 670 3209 quoe
692 3131 730 3193 de
752 3127 930 3194 substantio
958 3129 1061 3196 cernis
1091 3127 1226 3206 duxerit,

197 3347 233 3402 20
256 3347 285 3402 n
303 3347 362 3402 Cor.
382 3348 423 3411 12,
441 3345 458 3400 9

148 3551 339 3608 lexlristendo
363 3550 392 3608 Β
494 3555 583 3608 totum
606 3551 634 3606 Β
737 3540 786 3608 dni
806 3554 832 3608 T
931 3553 1112 3609 decioctione
1131 3554 1158 3608 L

97 3673 205 3743 euge
222 3672 251 3728 n
353 3645 502 3744 sospem}
520 3673 548 3728 n
649 3673 805 3730 omnum
823 3673 858 3742 n
885 3673 992 3730 mcum
1010 3675 1038 3729 n
1133 3674 1168 3729 1o
1184 3689 1226 3728 re-

96 3760 193 3828 pererit
214 3761 241 3815 Τ
341 3759 372 3813 11
398 3759 695 3830 siluee(eeccrr.)13
797 3759 973 3816 admonstI'
1074 3762 1107 3814 15
1123 3759 1226 3830 pripist

97 3879 133 3933 m
240 3879 272 3934 ro
295 3844 423 3951 expuo?
441 3880 469 3934 Β
571 3880 688 3952 nxpnuc
711 3881 771 3936 urs
792 3880 867 3938 besti
890 3881 1053 3948 (bannim
1072 3880 1109 3949 n)
1132 3878 1226 3934 anem

99 3966 213 4030 (antonii
232 3965 327 4035 ow)
348 3965 466 4022 sollciter
483 3965 596 4021 BLI'V

146 4070 178 4125 V.
207 4068 420 4125 Eucheristicnm
444 4068 476 4124 de
494 4069 552 4124 nitu
571 4087 620 4124 sus
642 4067 681 4125 nd
699 4069 820 4126 Petelini
837 4067 1056 4139 marceniensis
1073 4067 1227 4140 encomium

97 4153 177 4212 imur.
203 4155 301 4227 Sim,
329 4155 536 4224 immistionum
559 4171 609 4210 om.
633 4155 749 4223 BM'V,
779 4153 857 4210 Idem
882 4154 917 4209 ed
938 4151 1050 4208 eundem
1069 4153 1226 4223 (praecedit

97 4239 188 4308 Epist.
204 4241 342 4296 7111114
369 4239 506 4296 It'nnodius
519 4237 667 4311 Hilpidiuri
679 4241 857 4311 inscription
951 4237 988 4294 20
1004 4241 1046 4294 ert
1067 4239 1124 4295 To.
1136 4240 1155 4293 l.

97 4323 128 4380 21
146 4327 175 4379 in
195 4341 246 4383 orn.
266 4325 347 4381 Siros.
451 4327 485 4380 22
503 4325 667 4383 conculiscst
684 4326 711 4380 Β
814 4327 884 4398 cum]
903 4324 995 4381 oan
