<?xml version="1.0" encoding="UTF-8"?>
<!DOCTYPE html PUBLIC "-//W3C//DTD XHTML 1.0 Transitional//EN"
    "http://www.w3.org/TR/xhtml1/DTD/xhtml1-transitional.dtd">
<html xmlns="http://www.w3.org/1999/xhtml" xml:lang="en" lang="en">
 <head>
  <title>
</title>
<meta http-equiv="Content-Type" content="text/html;charset=utf-8" />
  <meta name='ocr-system' content='tesseract 3.04.00' />
  <meta name='ocr-capabilities' content='ocr_page ocr_carea ocr_par ocr_line ocrx_word'/>
</head>
<body>
  <div class='ocr_page' id='page_1' title='image "./corpusscriptoru13wissgoog_0573.png"; bbox 0 0 2934 4934; ppageno 0'>
   <div class='ocr_carea' id='block_1_1' title="bbox 564 377 1251 449">
    <p class='ocr_par' dir='ltr' id='par_1_1' title="bbox 564 377 1251 449">
     <span class='ocr_line' id='line_1_1' title="bbox 564 377 1251 449; baseline 0.007 -20"><span class='ocrx_word' id='word_1_1' title='bbox 564 377 681 432; x_wconf 88' lang='lat' dir='ltr'><strong>Dictio</strong></span> <span class='ocrx_word' id='word_1_2' title='bbox 699 378 802 433; x_wconf 86' lang='lat' dir='ltr'><strong>xvm.</strong></span> <span class='ocrx_word' id='word_1_3' title='bbox 1185 382 1251 449; x_wconf 74' lang='lat'><strong>477</strong></span> 
     </span>
    </p>
   </div>
   <div class='ocr_carea' id='block_1_2' title="bbox 69 565 1251 2819">
    <p class='ocr_par' dir='ltr' id='par_1_2' title="bbox 69 565 1251 2819">
     <span class='ocr_line' id='line_1_2' title="bbox 112 565 1250 655; baseline 0.005 -23"><span class='ocrx_word' id='word_1_4' title='bbox 112 566 277 649; x_wconf 84' lang='lat' dir='ltr'><strong>acocpsuit</strong></span> <span class='ocrx_word' id='word_1_5' title='bbox 313 566 377 633; x_wconf 89' lang='lat' dir='ltr'><strong>ism</strong></span> <span class='ocrx_word' id='word_1_6' title='bbox 413 565 531 631; x_wconf 90' lang='lat' dir='ltr'><strong>dudum</strong></span> <span class='ocrx_word' id='word_1_7' title='bbox 561 584 579 631; x_wconf 87' lang='lat' dir='ltr'><strong>a</strong></span> <span class='ocrx_word' id='word_1_8' title='bbox 609 568 642 631; x_wconf 89' lang='lat' dir='ltr'><strong>te</strong></span> <span class='ocrx_word' id='word_1_9' title='bbox 674 566 733 632; x_wconf 82' lang='lat' dir='ltr'><strong>ista</strong></span> <span class='ocrx_word' id='word_1_10' title='bbox 767 585 823 650; x_wconf 85' lang='lat' dir='ltr'><strong>por</strong></span> <span class='ocrx_word' id='word_1_11' title='bbox 855 567 1019 634; x_wconf 76' lang='lat' dir='ltr'><strong>sododem</strong></span> <span class='ocrx_word' id='word_1_12' title='bbox 1051 572 1250 655; x_wconf 80' lang='lat' dir='ltr'><strong>praesumpta</strong></span> 
     </span>
     <span class='ocr_line' id='line_1_3' title="bbox 112 669 1249 755; baseline 0.004 -20"><span class='ocrx_word' id='word_1_13' title='bbox 112 670 197 755; x_wconf 90' lang='lat' dir='ltr'><strong>sunt,</strong></span> <span class='ocrx_word' id='word_1_14' title='bbox 220 690 293 737; x_wconf 92' lang='lat' dir='ltr'><strong>cum</strong></span> <span class='ocrx_word' id='word_1_15' title='bbox 308 672 411 736; x_wconf 86' lang='lat' dir='ltr'><strong>arcem</strong></span> <span class='ocrx_word' id='word_1_16' title='bbox 426 669 567 736; x_wconf 88' lang='lat' dir='ltr'><strong>iustitiae</strong></span> <span class='ocrx_word' id='word_1_17' title='bbox 582 669 764 755; x_wconf 82' lang='lat' dir='ltr'><strong>profligator</strong></span> <span class='ocrx_word' id='word_1_18' title='bbox 778 670 914 750; x_wconf 82' lang='lat' dir='ltr'><strong>intrasti,</strong></span> <span class='ocrx_word' id='word_1_19' title='bbox 931 670 980 737; x_wconf 88' lang='lat' dir='ltr'><strong>his</strong></span> <span class='ocrx_word' id='word_1_20' title='bbox 997 674 1035 737; x_wconf 88' lang='lat' dir='ltr'><strong>ad</strong></span> <span class='ocrx_word' id='word_1_21' title='bbox 1051 671 1249 740; x_wconf 87' lang='lat' dir='ltr'><strong>dominatum</strong></span> 
     </span>
     <span class='ocr_line' id='line_1_4' title="bbox 113 772 1251 858; baseline 0.004 -21"><span class='ocrx_word' id='word_1_22' title='bbox 113 776 243 840; x_wconf 88' lang='lat' dir='ltr'><strong>enootus</strong></span> <span class='ocrx_word' id='word_1_23' title='bbox 264 772 433 858; x_wconf 79' lang='lat' dir='ltr'><strong>suffragiis,</strong></span> <span class='ocrx_word' id='word_1_24' title='bbox 456 772 569 856; x_wconf 89' lang='lat' dir='ltr'><strong>quibus</strong></span> <span class='ocrx_word' id='word_1_25' title='bbox 592 772 624 837; x_wconf 89' lang='lat' dir='ltr'><strong>in</strong></span> <span class='ocrx_word' id='word_1_26' title='bbox 646 772 747 839; x_wconf 90' lang='lat' dir='ltr'><strong>altero</strong></span> <span class='ocrx_word' id='word_1_27' title='bbox 770 773 909 839; x_wconf 82' lang='lat' dir='ltr'><strong>statuam</strong></span> <span class='ocrx_word' id='word_1_28' title='bbox 925 773 1099 841; x_wconf 85' lang='lat' dir='ltr'><strong>contulisti.</strong></span> <span class='ocrx_word' id='word_1_29' title='bbox 1124 793 1251 842; x_wconf 87' lang='lat' dir='ltr'><strong>necesse</strong></span> 
     </span>
     <span class='ocr_line' id='line_1_5' title="bbox 112 876 1250 960; baseline 0.002 -17"><span class='ocrx_word' id='word_1_30' title='bbox 112 878 172 957; x_wconf 84' lang='lat' dir='ltr'><strong>est,</strong></span> <span class='ocrx_word' id='word_1_31' title='bbox 195 877 381 960; x_wconf 76' lang='lat' dir='ltr'><strong>amplissimi</strong></span> <span class='ocrx_word' id='word_1_32' title='bbox 404 877 582 956; x_wconf 87' lang='lat' dir='ltr'><strong>hominurn,</strong></span> <span class='ocrx_word' id='word_1_33' title='bbox 612 877 775 942; x_wconf 87' lang='lat' dir='ltr'><strong>uniuersos</strong></span> <span class='ocrx_word' id='word_1_34' title='bbox 798 876 903 942; x_wconf 81' lang='lat' dir='ltr'><strong>fouere</strong></span> <span class='ocrx_word' id='word_1_35' title='bbox 924 877 1006 959; x_wconf 89' lang='lat' dir='ltr'><strong>quod</strong></span> <span class='ocrx_word' id='word_1_36' title='bbox 1029 876 1163 957; x_wconf 83' lang='lat' dir='ltr'><strong>fuerint,</strong></span> <span class='ocrx_word' id='word_1_37' title='bbox 1192 898 1250 946; x_wconf 91' lang='lat' dir='ltr'><strong>neo</strong></span> 
     </span>
     <span class='ocr_line' id='line_1_6' title="bbox 85 978 1249 1066; baseline 0.003 -22"><span class='ocrx_word' id='word_1_38' title='bbox 85 978 238 1046; x_wconf 83' lang='lat' dir='ltr'><strong>sutiliter</strong></span> <span class='ocrx_word' id='word_1_39' title='bbox 275 982 336 1045; x_wconf 91' lang='lat' dir='ltr'><strong>nisi</strong></span> <span class='ocrx_word' id='word_1_40' title='bbox 372 978 411 1045; x_wconf 82' lang='lat' dir='ltr'><strong>ab</strong></span> <span class='ocrx_word' id='word_1_41' title='bbox 450 978 622 1045; x_wconf 88' lang='lat' dir='ltr'><strong>emendatis</strong></span> <span class='ocrx_word' id='word_1_42' title='bbox 659 981 859 1064; x_wconf 86' lang='lat' dir='ltr'><strong>corriguntur</strong></span> <span class='ocrx_word' id='word_1_43' title='bbox 896 997 1049 1047; x_wconf 85' lang='lat' dir='ltr'><strong>excessus.</strong></span> <span class='ocrx_word' id='word_1_44' title='bbox 1098 980 1249 1066; x_wconf 87' lang='lat' dir='ltr'><strong>prodigus</strong></span> 
     </span>
     <span class='ocr_line' id='line_1_7' title="bbox 109 1082 1248 1165; baseline 0.004 -18"><span class='ocrx_word' id='word_1_45' title='bbox 109 1082 227 1148; x_wconf 79' lang='lat' dir='ltr'><strong>frontis</strong></span> <span class='ocrx_word' id='word_1_46' title='bbox 258 1084 306 1147; x_wconf 91' lang='lat' dir='ltr'><strong>est</strong></span> <span class='ocrx_word' id='word_1_47' title='bbox 334 1083 387 1165; x_wconf 89' lang='lat' dir='ltr'><strong>qui</strong></span> <span class='ocrx_word' id='word_1_48' title='bbox 417 1084 595 1165; x_wconf 87' lang='lat' dir='ltr'><strong>punitorem</strong></span> <span class='ocrx_word' id='word_1_49' title='bbox 622 1082 701 1150; x_wconf 84' lang='lat' dir='ltr'><strong>mali</strong></span> <span class='ocrx_word' id='word_1_50' title='bbox 732 1083 832 1149; x_wconf 87' lang='lat' dir='ltr'><strong>credit</strong></span> <span class='ocrx_word' id='word_1_51' title='bbox 853 1082 1027 1150; x_wconf 81' lang='lat' dir='ltr'><strong>facinorum</strong></span> <span class='ocrx_word' id='word_1_52' title='bbox 1049 1084 1248 1151; x_wconf 85' lang='lat' dir='ltr'><strong>sectatorom.</strong></span> 
     </span>
     <span class='ocr_line' id='line_1_8' title="bbox 109 1185 1250 1273; baseline 0.003 -21"><span class='ocrx_word' id='word_1_53' title='bbox 109 1186 224 1253; x_wconf 89' lang='lat' dir='ltr'><strong>iudicis</strong></span> <span class='ocrx_word' id='word_1_54' title='bbox 246 1187 437 1252; x_wconf 86' lang='lat' dir='ltr'><strong>conscientia</strong></span> <span class='ocrx_word' id='word_1_55' title='bbox 459 1185 687 1270; x_wconf 79' lang='lat' dir='ltr'><strong>constringitur</strong></span> <span class='ocrx_word' id='word_1_56' title='bbox 702 1187 889 1252; x_wconf 74' lang='lat' dir='ltr'><strong>noomsitato</strong></span> <span class='ocrx_word' id='word_1_57' title='bbox 904 1186 1017 1253; x_wconf 85' lang='lat' dir='ltr'><strong>secreti</strong></span> <span class='ocrx_word' id='word_1_58' title='bbox 1032 1188 1139 1254; x_wconf 82' lang='lat' dir='ltr'><strong>utnon</strong></span> <span class='ocrx_word' id='word_1_59' title='bbox 1155 1190 1250 1273; x_wconf 78' lang='lat' dir='ltr'><strong>putot</strong></span> 
     </span>
     <span class='ocr_line' id='line_1_9' title="bbox 108 1288 1247 1373; baseline 0.004 -18"><span class='ocrx_word' id='word_1_60' title='bbox 108 1290 245 1355; x_wconf 86' lang='lat' dir='ltr'><strong>liberum</strong></span> <span class='ocrx_word' id='word_1_61' title='bbox 268 1290 475 1355; x_wconf 87' lang='lat' dir='ltr'><strong>condemnare</strong></span> <span class='ocrx_word' id='word_1_62' title='bbox 497 1289 530 1354; x_wconf 93' lang='lat' dir='ltr'><strong>in</strong></span> <span class='ocrx_word' id='word_1_63' title='bbox 553 1288 702 1355; x_wconf 85' lang='lat' dir='ltr'><strong>subiectis</strong></span> <span class='ocrx_word' id='word_1_64' title='bbox 731 1291 813 1372; x_wconf 87' lang='lat' dir='ltr'><strong>quod</strong></span> <span class='ocrx_word' id='word_1_65' title='bbox 834 1289 903 1373; x_wconf 87' lang='lat' dir='ltr'><strong>ipsa</strong></span> <span class='ocrx_word' id='word_1_66' title='bbox 923 1308 987 1356; x_wconf 91' lang='lat' dir='ltr'><strong>non</strong></span> <span class='ocrx_word' id='word_1_67' title='bbox 1010 1291 1169 1359; x_wconf 81' lang='lat' dir='ltr'><strong>dubitauit</strong></span> <span class='ocrx_word' id='word_1_68' title='bbox 1191 1292 1247 1359; x_wconf 90' lang='lat' dir='ltr'><strong>ad·</strong></span> 
     </span>
     <span class='ocr_line' id='line_1_10' title="bbox 108 1391 1246 1476; baseline 0.004 -19"><span class='ocrx_word' id='word_1_69' title='bbox 108 1391 247 1457; x_wconf 86' lang='lat' dir='ltr'><strong>mittero.</strong></span> <span class='ocrx_word' id='word_1_70' title='bbox 286 1392 412 1476; x_wconf 86' lang='lat' dir='ltr'><strong>quantis</strong></span> <span class='ocrx_word' id='word_1_71' title='bbox 441 1392 634 1458; x_wconf 86' lang='lat' dir='ltr'><strong>successibus</strong></span> <span class='ocrx_word' id='word_1_72' title='bbox 664 1399 718 1457; x_wconf 86' lang='lat' dir='ltr'><strong>aut</strong></span> <span class='ocrx_word' id='word_1_73' title='bbox 741 1410 834 1475; x_wconf 86' lang='lat' dir='ltr'><strong>quum</strong></span> <span class='ocrx_word' id='word_1_74' title='bbox 856 1393 955 1459; x_wconf 86' lang='lat' dir='ltr'><strong>uariis</strong></span> <span class='ocrx_word' id='word_1_75' title='bbox 977 1393 1184 1461; x_wconf 84' lang='lat' dir='ltr'><strong>incrementis</strong></span> <span class='ocrx_word' id='word_1_76' title='bbox 1206 1396 1246 1462; x_wconf 91' lang='lat' dir='ltr'><strong>ad</strong></span> 
     </span>
     <span class='ocr_line' id='line_1_11' title="bbox 69 1495 1247 1579; baseline 0.002 -16"><span class='ocrx_word' id='word_1_77' title='bbox 69 1496 197 1576; x_wconf 76' lang='lat' dir='ltr'><strong>rohsan,</strong></span> <span class='ocrx_word' id='word_1_78' title='bbox 220 1498 343 1564; x_wconf 90' lang='lat' dir='ltr'><strong>sentina</strong></span> <span class='ocrx_word' id='word_1_79' title='bbox 365 1496 543 1575; x_wconf 88' lang='lat' dir='ltr'><strong>criminum,</strong></span> <span class='ocrx_word' id='word_1_80' title='bbox 567 1497 749 1579; x_wconf 75' lang='lat' dir='ltr'><strong>peremisti,</strong></span> <span class='ocrx_word' id='word_1_81' title='bbox 773 1500 810 1561; x_wconf 90' lang='lat' dir='ltr'><strong>ut</strong></span> <span class='ocrx_word' id='word_1_82' title='bbox 825 1495 886 1564; x_wconf 86' lang='lat' dir='ltr'><strong>titi</strong></span> <span class='ocrx_word' id='word_1_83' title='bbox 908 1496 1020 1563; x_wconf 88' lang='lat' dir='ltr'><strong>liceret</strong></span> <span class='ocrx_word' id='word_1_84' title='bbox 1036 1500 1075 1563; x_wconf 82' lang='lat' dir='ltr'><strong>sd</strong></span> <span class='ocrx_word' id='word_1_85' title='bbox 1097 1498 1247 1565; x_wconf 88' lang='lat' dir='ltr'><strong>sublimia</strong></span> 
     </span>
     <span class='ocr_line' id='line_1_12' title="bbox 105 1598 1246 1683; baseline 0.003 -18"><span class='ocrx_word' id='word_1_86' title='bbox 105 1598 306 1683; x_wconf 88' lang='lat' dir='ltr'><strong>peruenienti</strong></span> <span class='ocrx_word' id='word_1_87' title='bbox 327 1600 360 1666; x_wconf 96' lang='lat' dir='ltr'><strong>in</strong></span> <span class='ocrx_word' id='word_1_88' title='bbox 383 1602 508 1665; x_wconf 87' lang='lat' dir='ltr'><strong>tantum</strong></span> <span class='ocrx_word' id='word_1_89' title='bbox 537 1618 681 1683; x_wconf 85' lang='lat' dir='ltr'><strong>peccaro,</strong></span> <span class='ocrx_word' id='word_1_90' title='bbox 718 1618 790 1665; x_wconf 90' lang='lat' dir='ltr'><strong>oum</strong></span> <span class='ocrx_word' id='word_1_91' title='bbox 813 1602 928 1680; x_wconf 89' lang='lat' dir='ltr'><strong>uelles,</strong></span> <span class='ocrx_word' id='word_1_92' title='bbox 963 1604 1000 1666; x_wconf 88' lang='lat' dir='ltr'><strong>ut</strong></span> <span class='ocrx_word' id='word_1_93' title='bbox 1021 1601 1183 1683; x_wconf 87' lang='lat' dir='ltr'><strong>probrosos</strong></span> <span class='ocrx_word' id='word_1_94' title='bbox 1205 1604 1246 1668; x_wconf 87' lang='lat' dir='ltr'><strong>ad</strong></span> 
     </span>
     <span class='ocr_line' id='line_1_13' title="bbox 105 1702 1246 1788; baseline 0.004 -21"><span class='ocrx_word' id='word_1_95' title='bbox 105 1704 231 1788; x_wconf 84' lang='lat' dir='ltr'><strong>potiore</strong></span> <span class='ocrx_word' id='word_1_96' title='bbox 259 1704 371 1769; x_wconf 90' lang='lat' dir='ltr'><strong>statuis</strong></span> <span class='ocrx_word' id='word_1_97' title='bbox 399 1703 574 1771; x_wconf 78' lang='lat' dir='ltr'><strong>inuitatos?</strong></span> <span class='ocrx_word' id='word_1_98' title='bbox 604 1704 641 1769; x_wconf 87' lang='lat' dir='ltr'><strong>tn</strong></span> <span class='ocrx_word' id='word_1_99' title='bbox 668 1702 831 1769; x_wconf 73' lang='lat' dir='ltr'><strong>libertatis</strong></span> <span class='ocrx_word' id='word_1_100' title='bbox 860 1720 1004 1787; x_wconf 83' lang='lat' dir='ltr'><strong>saporem</strong></span> <span class='ocrx_word' id='word_1_101' title='bbox 1027 1704 1099 1769; x_wconf 84' lang='lat' dir='ltr'><strong>telle</strong></span> <span class='ocrx_word' id='word_1_102' title='bbox 1122 1705 1246 1771; x_wconf 87' lang='lat' dir='ltr'><strong>seruitii</strong></span> 
     </span>
     <span class='ocr_line' id='line_1_14' title="bbox 106 1806 1246 1892; baseline 0.001 -20"><span class='ocrx_word' id='word_1_103' title='bbox 106 1806 317 1872; x_wconf 84' lang='lat' dir='ltr'><strong>conmutasti:</strong></span> <span class='ocrx_word' id='word_1_104' title='bbox 340 1806 396 1872; x_wconf 90' lang='lat' dir='ltr'><strong>illo</strong></span> <span class='ocrx_word' id='word_1_105' title='bbox 419 1806 567 1890; x_wconf 86' lang='lat' dir='ltr'><strong>obsequia</strong></span> <span class='ocrx_word' id='word_1_106' title='bbox 589 1808 673 1890; x_wconf 86' lang='lat' dir='ltr'><strong>patri</strong></span> <span class='ocrx_word' id='word_1_107' title='bbox 696 1806 803 1874; x_wconf 88' lang='lat' dir='ltr'><strong>debita</strong></span> <span class='ocrx_word' id='word_1_108' title='bbox 817 1807 916 1872; x_wconf 86' lang='lat' dir='ltr'><strong>uertit</strong></span> <span class='ocrx_word' id='word_1_109' title='bbox 930 1807 970 1874; x_wconf 84' lang='lat' dir='ltr'><strong>sd</strong></span> <span class='ocrx_word' id='word_1_110' title='bbox 986 1808 1118 1892; x_wconf 81' lang='lat' dir='ltr'><strong>gladios.</strong></span> <span class='ocrx_word' id='word_1_111' title='bbox 1148 1826 1246 1891; x_wconf 87' lang='lat' dir='ltr'><strong>quan·</strong></span> 
     </span>
     <span class='ocr_line' id='line_1_15' title="bbox 105 1909 1246 1993; baseline 0.003 -19"><span class='ocrx_word' id='word_1_112' title='bbox 105 1914 180 1975; x_wconf 86' lang='lat' dir='ltr'><strong>tum</strong></span> <span class='ocrx_word' id='word_1_113' title='bbox 212 1910 369 1975; x_wconf 85' lang='lat' dir='ltr'><strong>laudanda</strong></span> <span class='ocrx_word' id='word_1_114' title='bbox 401 1910 465 1976; x_wconf 91' lang='lat' dir='ltr'><strong>sint</strong></span> <span class='ocrx_word' id='word_1_115' title='bbox 499 1928 578 1993; x_wconf 87' lang='lat' dir='ltr'><strong>quse</strong></span> <span class='ocrx_word' id='word_1_116' title='bbox 610 1909 745 1975; x_wconf 82' lang='lat' dir='ltr'><strong>laesistis</strong></span> <span class='ocrx_word' id='word_1_117' title='bbox 785 1910 942 1976; x_wconf 86' lang='lat' dir='ltr'><strong>aduertite</strong></span> <span class='ocrx_word' id='word_1_118' title='bbox 982 1914 1014 1976; x_wconf 90' lang='lat' dir='ltr'><strong>et</strong></span> <span class='ocrx_word' id='word_1_119' title='bbox 1048 1910 1160 1977; x_wconf 88' lang='lat' dir='ltr'><strong>feriato</strong></span> <span class='ocrx_word' id='word_1_120' title='bbox 1193 1930 1246 1978; x_wconf 87' lang='lat' dir='ltr'><strong>ore</strong></span> 
     </span>
     <span class='ocr_line' id='line_1_16' title="bbox 69 2011 1245 2097; baseline -0.001 -15"><span class='ocrx_word' id='word_1_121' title='bbox 69 2011 290 2082; x_wconf 75' lang='lat' dir='ltr'><strong>nadcnsantis</strong></span> <span class='ocrx_word' id='word_1_122' title='bbox 317 2012 391 2096; x_wconf 88' lang='lat' dir='ltr'><strong>quid</strong></span> <span class='ocrx_word' id='word_1_123' title='bbox 420 2012 578 2078; x_wconf 87' lang='lat' dir='ltr'><strong>mereatur</strong></span> <span class='ocrx_word' id='word_1_124' title='bbox 607 2017 698 2096; x_wconf 86' lang='lat' dir='ltr'><strong>pater</strong></span> <span class='ocrx_word' id='word_1_125' title='bbox 727 2011 760 2076; x_wconf 91' lang='lat' dir='ltr'><strong>et</strong></span> <span class='ocrx_word' id='word_1_126' title='bbox 787 2012 968 2097; x_wconf 87' lang='lat' dir='ltr'><strong>ingenuitas</strong></span> <span class='ocrx_word' id='word_1_127' title='bbox 995 2014 1171 2081; x_wconf 85' lang='lat' dir='ltr'><strong>aestimate.</strong></span> <span class='ocrx_word' id='word_1_128' title='bbox 1208 2017 1245 2081; x_wconf 92' lang='lat' dir='ltr'><strong>tu</strong></span> 
     </span>
     <span class='ocr_line' id='line_1_17' title="bbox 105 2110 1244 2200; baseline 0.004 -21"><span class='ocrx_word' id='word_1_129' title='bbox 105 2110 254 2181; x_wconf 82' lang='lat' dir='ltr'><strong>absoluta</strong></span> <span class='ocrx_word' id='word_1_130' title='bbox 287 2116 367 2181; x_wconf 89' lang='lat' dir='ltr'><strong>colla</strong></span> <span class='ocrx_word' id='word_1_131' title='bbox 394 2117 468 2200; x_wconf 86' lang='lat' dir='ltr'><strong>iugo</strong></span> <span class='ocrx_word' id='word_1_132' title='bbox 495 2115 692 2181; x_wconf 87' lang='lat' dir='ltr'><strong>miserrimae</strong></span> <span class='ocrx_word' id='word_1_133' title='bbox 720 2114 909 2181; x_wconf 88' lang='lat' dir='ltr'><strong>condicionis</strong></span> <span class='ocrx_word' id='word_1_134' title='bbox 939 2117 1125 2200; x_wconf 84' lang='lat' dir='ltr'><strong>adstringis,</strong></span> <span class='ocrx_word' id='word_1_135' title='bbox 1160 2119 1244 2200; x_wconf 85' lang='lat' dir='ltr'><strong>apud</strong></span> 
     </span>
     <span class='ocr_line' id='line_1_18' title="bbox 104 2218 1242 2307; baseline 0.006 -25"><span class='ocrx_word' id='word_1_136' title='bbox 104 2218 202 2283; x_wconf 89' lang='lat' dir='ltr'><strong>illum</strong></span> <span class='ocrx_word' id='word_1_137' title='bbox 223 2218 304 2284; x_wconf 88' lang='lat' dir='ltr'><strong>nihil</strong></span> <span class='ocrx_word' id='word_1_138' title='bbox 327 2219 503 2302; x_wconf 84' lang='lat' dir='ltr'><strong>praeualuit</strong></span> <span class='ocrx_word' id='word_1_139' title='bbox 524 2220 574 2285; x_wconf 84' lang='lat' dir='ltr'><strong>lor</strong></span> <span class='ocrx_word' id='word_1_140' title='bbox 596 2220 743 2287; x_wconf 86' lang='lat' dir='ltr'><strong>naturae:</strong></span> <span class='ocrx_word' id='word_1_141' title='bbox 767 2218 826 2285; x_wconf 86' lang='lat' dir='ltr'><strong>lnoo</strong></span> <span class='ocrx_word' id='word_1_142' title='bbox 841 2221 878 2285; x_wconf 86' lang='lat' dir='ltr'><strong>tu</strong></span> <span class='ocrx_word' id='word_1_143' title='bbox 894 2220 977 2287; x_wconf 87' lang='lat' dir='ltr'><strong>circa</strong></span> <span class='ocrx_word' id='word_1_144' title='bbox 998 2222 1136 2306; x_wconf 86' lang='lat' dir='ltr'><strong>patrium</strong></span> <span class='ocrx_word' id='word_1_145' title='bbox 1158 2224 1242 2307; x_wconf 89' lang='lat' dir='ltr'><strong>geris</strong></span> 
     </span>
     <span class='ocr_line' id='line_1_19' title="bbox 105 2322 1243 2406; baseline 0.005 -21"><span class='ocrx_word' id='word_1_146' title='bbox 105 2322 194 2404; x_wconf 91' lang='lat' dir='ltr'><strong>quod</strong></span> <span class='ocrx_word' id='word_1_147' title='bbox 216 2322 326 2387; x_wconf 85' lang='lat' dir='ltr'><strong>intulit</strong></span> <span class='ocrx_word' id='word_1_148' title='bbox 348 2322 400 2387; x_wconf 92' lang='lat' dir='ltr'><strong>hio</strong></span> <span class='ocrx_word' id='word_1_149' title='bbox 418 2323 557 2405; x_wconf 86' lang='lat' dir='ltr'><strong>parenti:</strong></span> <span class='ocrx_word' id='word_1_150' title='bbox 580 2322 612 2390; x_wconf 94' lang='lat' dir='ltr'><strong>in</strong></span> <span class='ocrx_word' id='word_1_151' title='bbox 629 2341 664 2389; x_wconf 89' lang='lat' dir='ltr'><strong>co</strong></span> <span class='ocrx_word' id='word_1_152' title='bbox 680 2324 812 2390; x_wconf 86' lang='lat' dir='ltr'><strong>fortasse</strong></span> <span class='ocrx_word' id='word_1_153' title='bbox 835 2324 988 2390; x_wconf 77' lang='lat' dir='ltr'><strong>crudelior</strong></span> <span class='ocrx_word' id='word_1_154' title='bbox 1003 2328 1039 2389; x_wconf 93' lang='lat' dir='ltr'><strong>tu</strong></span> <span class='ocrx_word' id='word_1_155' title='bbox 1061 2326 1243 2406; x_wconf 77' lang='lat' dir='ltr'><strong>credendus,</strong></span> 
     </span>
     <span class='ocr_line' id='line_1_20' title="bbox 104 2423 1243 2512; baseline 0.006 -24"><span class='ocrx_word' id='word_1_156' title='bbox 104 2424 192 2507; x_wconf 91' lang='lat' dir='ltr'><strong>quod</strong></span> <span class='ocrx_word' id='word_1_157' title='bbox 222 2423 301 2490; x_wconf 88' lang='lat' dir='ltr'><strong>dura</strong></span> <span class='ocrx_word' id='word_1_158' title='bbox 331 2425 465 2508; x_wconf 82' lang='lat' dir='ltr'><strong>imperia</strong></span> <span class='ocrx_word' id='word_1_159' title='bbox 495 2426 553 2492; x_wconf 87' lang='lat' dir='ltr'><strong>sub</strong></span> <span class='ocrx_word' id='word_1_160' title='bbox 583 2427 674 2493; x_wconf 85' lang='lat' dir='ltr'><strong>uitali</strong></span> <span class='ocrx_word' id='word_1_161' title='bbox 706 2428 841 2510; x_wconf 85' lang='lat' dir='ltr'><strong>quadam</strong></span> <span class='ocrx_word' id='word_1_162' title='bbox 870 2429 971 2493; x_wconf 89' lang='lat' dir='ltr'><strong>morte</strong></span> <span class='ocrx_word' id='word_1_163' title='bbox 1001 2427 1163 2512; x_wconf 89' lang='lat' dir='ltr'><strong>dispensas</strong></span> <span class='ocrx_word' id='word_1_164' title='bbox 1186 2448 1243 2495; x_wconf 88' lang='lat' dir='ltr'><strong>nec</strong></span> 
     </span>
     <span class='ocr_line' id='line_1_21' title="bbox 69 2526 1245 2615; baseline 0.004 -22"><span class='ocrx_word' id='word_1_165' title='bbox 69 2526 185 2606; x_wconf 68' lang='lat' dir='ltr'><strong>saillis,</strong></span> <span class='ocrx_word' id='word_1_166' title='bbox 209 2526 322 2610; x_wconf 87' lang='lat' dir='ltr'><strong>quibus</strong></span> <span class='ocrx_word' id='word_1_167' title='bbox 345 2532 394 2594; x_wconf 91' lang='lat' dir='ltr'><strong>est</strong></span> <span class='ocrx_word' id='word_1_168' title='bbox 416 2529 631 2595; x_wconf 88' lang='lat' dir='ltr'><strong>desiderabilis</strong></span> <span class='ocrx_word' id='word_1_169' title='bbox 647 2528 761 2611; x_wconf 90' lang='lat' dir='ltr'><strong>obitus,</strong></span> <span class='ocrx_word' id='word_1_170' title='bbox 786 2530 876 2613; x_wconf 85' lang='lat' dir='ltr'><strong>quasi</strong></span> <span class='ocrx_word' id='word_1_171' title='bbox 894 2531 1016 2597; x_wconf 85' lang='lat' dir='ltr'><strong>medica</strong></span> <span class='ocrx_word' id='word_1_172' title='bbox 1038 2550 1133 2597; x_wconf 87' lang='lat' dir='ltr'><strong>manu</strong></span> <span class='ocrx_word' id='word_1_173' title='bbox 1155 2551 1245 2615; x_wconf 87' lang='lat' dir='ltr'><strong>prae·</strong></span> 
     </span>
     <span class='ocr_line' id='line_1_22' title="bbox 104 2630 1244 2715; baseline 0.003 -18"><span class='ocrx_word' id='word_1_174' title='bbox 104 2635 173 2697; x_wconf 86' lang='lat' dir='ltr'><strong>stas</strong></span> <span class='ocrx_word' id='word_1_175' title='bbox 196 2630 345 2696; x_wconf 80' lang='lat' dir='ltr'><strong>exitium:</strong></span> <span class='ocrx_word' id='word_1_176' title='bbox 374 2632 429 2697; x_wconf 90' lang='lat' dir='ltr'><strong>illo</strong></span> <span class='ocrx_word' id='word_1_177' title='bbox 459 2650 522 2697; x_wconf 96' lang='lat' dir='ltr'><strong>non</strong></span> <span class='ocrx_word' id='word_1_178' title='bbox 544 2651 653 2715; x_wconf 87' lang='lat' dir='ltr'><strong>passus</strong></span> <span class='ocrx_word' id='word_1_179' title='bbox 682 2634 856 2715; x_wconf 85' lang='lat' dir='ltr'><strong>genitorem</strong></span> <span class='ocrx_word' id='word_1_180' title='bbox 880 2634 912 2697; x_wconf 94' lang='lat' dir='ltr'><strong>iu</strong></span> <span class='ocrx_word' id='word_1_181' title='bbox 935 2633 1052 2699; x_wconf 91' lang='lat' dir='ltr'><strong>mundo</strong></span> <span class='ocrx_word' id='word_1_182' title='bbox 1075 2635 1244 2700; x_wconf 86' lang='lat' dir='ltr'><strong>subsistere</strong></span> 
     </span>
     <span class='ocr_line' id='line_1_23' title="bbox 103 2734 1243 2819; baseline 0.004 -20"><span class='ocrx_word' id='word_1_183' title='bbox 103 2734 226 2817; x_wconf 86' lang='lat' dir='ltr'><strong>pernici</strong></span> <span class='ocrx_word' id='word_1_184' title='bbox 248 2734 315 2799; x_wconf 90' lang='lat' dir='ltr'><strong>ictu</strong></span> <span class='ocrx_word' id='word_1_185' title='bbox 339 2734 456 2819; x_wconf 88' lang='lat' dir='ltr'><strong>eripuit</strong></span> <span class='ocrx_word' id='word_1_186' title='bbox 483 2734 585 2799; x_wconf 86' lang='lat' dir='ltr'><strong>uitam</strong></span> <span class='ocrx_word' id='word_1_187' title='bbox 616 2734 698 2800; x_wconf 88' lang='lat' dir='ltr'><strong>lucis</strong></span> <span class='ocrx_word' id='word_1_188' title='bbox 721 2737 850 2801; x_wconf 88' lang='lat' dir='ltr'><strong>auctori.</strong></span> <span class='ocrx_word' id='word_1_189' title='bbox 885 2739 987 2801; x_wconf 87' lang='lat' dir='ltr'><strong>nescio</strong></span> <span class='ocrx_word' id='word_1_190' title='bbox 1010 2755 1073 2819; x_wconf 88' lang='lat' dir='ltr'><strong>qua</strong></span> <span class='ocrx_word' id='word_1_191' title='bbox 1095 2737 1160 2803; x_wconf 92' lang='lat' dir='ltr'><strong>sint</strong></span> <span class='ocrx_word' id='word_1_192' title='bbox 1182 2740 1243 2803; x_wconf 90' lang='lat' dir='ltr'><strong>ori·</strong></span> 
     </span>
    </p>
   </div>
   <div class='ocr_carea' id='block_1_3' title="bbox 103 2836 1355 2924">
    <p class='ocr_par' dir='ltr' id='par_1_3' title="bbox 103 2836 1355 2924">
     <span class='ocr_line' id='line_1_24' title="bbox 103 2836 1355 2924; baseline 0.001 -21"><span class='ocrx_word' id='word_1_193' title='bbox 103 2837 230 2903; x_wconf 89' lang='lat' dir='ltr'><strong>minum</strong></span> <span class='ocrx_word' id='word_1_194' title='bbox 253 2836 438 2903; x_wconf 84' lang='lat' dir='ltr'><strong>diuersitate</strong></span> <span class='ocrx_word' id='word_1_195' title='bbox 461 2838 605 2904; x_wconf 84' lang='lat' dir='ltr'><strong>discreti:</strong></span> <span class='ocrx_word' id='word_1_196' title='bbox 632 2838 772 2915; x_wconf 83' lang='lat' dir='ltr'><strong>interim,</strong></span> <span class='ocrx_word' id='word_1_197' title='bbox 796 2838 823 2901; x_wconf 86' lang='lat' dir='ltr'><strong>ei</strong></span> <span class='ocrx_word' id='word_1_198' title='bbox 846 2838 949 2921; x_wconf 90' lang='lat' dir='ltr'><strong>liceat,</strong></span> <span class='ocrx_word' id='word_1_199' title='bbox 972 2857 1073 2921; x_wconf 85' lang='lat' dir='ltr'><strong>poena</strong></span> <span class='ocrx_word' id='word_1_200' title='bbox 1094 2841 1244 2924; x_wconf 89' lang='lat' dir='ltr'><strong>iungendi</strong></span> <span class='ocrx_word' id='word_1_201' title='bbox 1351 2896 1355 2904; x_wconf 88' lang='lat'>.</span> 
     </span>
    </p>
   </div>
   <div class='ocr_carea' id='block_1_4' title="bbox 69 2939 1243 3442">
    <p class='ocr_par' dir='ltr' id='par_1_4' title="bbox 69 2939 1243 3442">
     <span class='ocr_line' id='line_1_25' title="bbox 103 2939 1243 3025; baseline 0.004 -20"><span class='ocrx_word' id='word_1_202' title='bbox 103 2941 194 3007; x_wconf 91' lang='lat' dir='ltr'><strong>sunt.</strong></span> <span class='ocrx_word' id='word_1_203' title='bbox 217 2939 244 3006; x_wconf 93' lang='lat' dir='ltr'><strong>si</strong></span> <span class='ocrx_word' id='word_1_204' title='bbox 260 2942 292 3005; x_wconf 89' lang='lat' dir='ltr'><strong>to</strong></span> <span class='ocrx_word' id='word_1_205' title='bbox 308 2941 390 3007; x_wconf 87' lang='lat' dir='ltr'><strong>circa</strong></span> <span class='ocrx_word' id='word_1_206' title='bbox 406 2941 489 3007; x_wconf 90' lang='lat' dir='ltr'><strong>ciues</strong></span> <span class='ocrx_word' id='word_1_207' title='bbox 506 2942 637 3007; x_wconf 88' lang='lat' dir='ltr'><strong>alicuius</strong></span> <span class='ocrx_word' id='word_1_208' title='bbox 656 2941 817 3025; x_wconf 85' lang='lat' dir='ltr'><strong>supercilii</strong></span> <span class='ocrx_word' id='word_1_209' title='bbox 839 2944 944 3008; x_wconf 85' lang='lat' dir='ltr'><strong>tumor</strong></span> <span class='ocrx_word' id='word_1_210' title='bbox 967 2942 1130 3024; x_wconf 87' lang='lat' dir='ltr'><strong>elcuassot,</strong></span> <span class='ocrx_word' id='word_1_211' title='bbox 1154 2963 1243 3010; x_wconf 89' lang='lat' dir='ltr'><strong>reum</strong></span> 
     </span>
     <span class='ocr_line' id='line_1_26' title="bbox 69 3042 1243 3129; baseline 0.001 -17"><span class='ocrx_word' id='word_1_212' title='bbox 69 3048 137 3112; x_wconf 70' lang='lat' dir='ltr'><strong>rste</strong></span> <span class='ocrx_word' id='word_1_213' title='bbox 161 3042 339 3129; x_wconf 78' lang='lat' dir='ltr'><strong>designaret</strong></span> <span class='ocrx_word' id='word_1_214' title='bbox 367 3045 454 3111; x_wconf 89' lang='lat' dir='ltr'><strong>laesa</strong></span> <span class='ocrx_word' id='word_1_215' title='bbox 477 3045 654 3111; x_wconf 88' lang='lat' dir='ltr'><strong>communio</strong></span> <span class='ocrx_word' id='word_1_216' title='bbox 677 3049 709 3110; x_wconf 90' lang='lat' dir='ltr'><strong>ot</strong></span> <span class='ocrx_word' id='word_1_217' title='bbox 731 3046 873 3128; x_wconf 86' lang='lat' dir='ltr'><strong>priuatae</strong></span> <span class='ocrx_word' id='word_1_218' title='bbox 902 3045 1113 3112; x_wconf 81' lang='lat' dir='ltr'><strong>ablutatorem</strong></span> <span class='ocrx_word' id='word_1_219' title='bbox 1136 3047 1243 3113; x_wconf 88' lang='lat' dir='ltr'><strong>dulce·</strong></span> 
     </span>
     <span class='ocr_line' id='line_1_27' title="bbox 103 3148 1243 3217; baseline 0.004 -4"><span class='ocrx_word' id='word_1_220' title='bbox 103 3148 188 3213; x_wconf 91' lang='lat' dir='ltr'><strong>dinis</strong></span> <span class='ocrx_word' id='word_1_221' title='bbox 221 3148 418 3214; x_wconf 89' lang='lat' dir='ltr'><strong>inmoderata</strong></span> <span class='ocrx_word' id='word_1_222' title='bbox 452 3148 612 3213; x_wconf 89' lang='lat' dir='ltr'><strong>nuntiaret</strong></span> <span class='ocrx_word' id='word_1_223' title='bbox 646 3148 768 3215; x_wconf 87' lang='lat' dir='ltr'><strong>erectio.</strong></span> <span class='ocrx_word' id='word_1_224' title='bbox 808 3148 836 3214; x_wconf 89' lang='lat' dir='ltr'><strong>si</strong></span> <span class='ocrx_word' id='word_1_225' title='bbox 865 3148 920 3214; x_wconf 92' lang='lat' dir='ltr'><strong>illo</strong></span> <span class='ocrx_word' id='word_1_226' title='bbox 950 3153 1121 3216; x_wconf 89' lang='lat' dir='ltr'><strong>creatorem</strong></span> <span class='ocrx_word' id='word_1_227' title='bbox 1152 3155 1243 3217; x_wconf 87' lang='lat' dir='ltr'><strong>toruo</strong></span> 
     </span>
     <span class='ocr_line' id='line_1_28' title="bbox 103 3250 1241 3340; baseline 0.005 -26"><span class='ocrx_word' id='word_1_228' title='bbox 103 3250 275 3316; x_wconf 84' lang='lat' dir='ltr'><strong>lustrasset</strong></span> <span class='ocrx_word' id='word_1_229' title='bbox 296 3252 425 3332; x_wconf 83' lang='lat' dir='ltr'><strong>aspootu</strong></span> <span class='ocrx_word' id='word_1_230' title='bbox 447 3252 588 3335; x_wconf 90' lang='lat' dir='ltr'><strong>genitore</strong></span> <span class='ocrx_word' id='word_1_231' title='bbox 611 3252 770 3332; x_wconf 85' lang='lat' dir='ltr'><strong>incolumi,</strong></span> <span class='ocrx_word' id='word_1_232' title='bbox 794 3253 956 3318; x_wconf 86' lang='lat' dir='ltr'><strong>habuisset</strong></span> <span class='ocrx_word' id='word_1_233' title='bbox 979 3254 1129 3320; x_wconf 88' lang='lat' dir='ltr'><strong>moritum</strong></span> <span class='ocrx_word' id='word_1_234' title='bbox 1144 3255 1241 3340; x_wconf 86' lang='lat' dir='ltr'><strong>parri·</strong></span> 
     </span>
     <span class='ocr_line' id='line_1_29' title="bbox 103 3354 1242 3442; baseline 0.004 -23"><span class='ocrx_word' id='word_1_235' title='bbox 103 3355 206 3420; x_wconf 89' lang='lat' dir='ltr'><strong>cidae.</strong></span> <span class='ocrx_word' id='word_1_236' title='bbox 240 3354 347 3420; x_wconf 89' lang='lat' dir='ltr'><strong>uidete</strong></span> <span class='ocrx_word' id='word_1_237' title='bbox 371 3355 444 3437; x_wconf 89' lang='lat' dir='ltr'><strong>quid</strong></span> <span class='ocrx_word' id='word_1_238' title='bbox 467 3354 598 3441; x_wconf 88' lang='lat' dir='ltr'><strong>dignum</strong></span> <span class='ocrx_word' id='word_1_239' title='bbox 620 3355 670 3421; x_wconf 90' lang='lat' dir='ltr'><strong>his</strong></span> <span class='ocrx_word' id='word_1_240' title='bbox 692 3356 745 3435; x_wconf 78' lang='lat' dir='ltr'><strong>sit,</strong></span> <span class='ocrx_word' id='word_1_241' title='bbox 770 3355 823 3438; x_wconf 88' lang='lat' dir='ltr'><strong>qui</strong></span> <span class='ocrx_word' id='word_1_242' title='bbox 845 3358 884 3421; x_wconf 89' lang='lat' dir='ltr'><strong>ad</strong></span> <span class='ocrx_word' id='word_1_243' title='bbox 906 3356 1092 3424; x_wconf 80' lang='lat' dir='ltr'><strong>delictorum</strong></span> <span class='ocrx_word' id='word_1_244' title='bbox 1115 3357 1242 3442; x_wconf 85' lang='lat' dir='ltr'><strong>fastigia</strong></span> 
     </span>
    </p>
   </div>
   <div class='ocr_carea' id='block_1_5' title="bbox 101 3609 1244 3940">
    <p class='ocr_par' dir='ltr' id='par_1_5' title="bbox 101 3609 1244 3940">
     <span class='ocr_line' id='line_1_30' title="bbox 159 3609 1179 3680; baseline 0.002 -15"><span class='ocrx_word' id='word_1_245' title='bbox 159 3612 173 3665; x_wconf 94' lang='lat'>1</span> <span class='ocrx_word' id='word_1_246' title='bbox 202 3610 331 3680; x_wconf 85' lang='lat' dir='ltr'><strong>acciperit</strong></span> <span class='ocrx_word' id='word_1_247' title='bbox 357 3610 385 3666; x_wconf 90' lang='grc' dir='ltr'><strong><em>Β</em></strong></span> <span class='ocrx_word' id='word_1_248' title='bbox 421 3620 425 3633; x_wconf 90' lang='grc'><em>·</em></span> <span class='ocrx_word' id='word_1_249' title='bbox 489 3609 657 3674; x_wconf 62' lang='lat' dir='ltr'><strong>tinsticiao</strong></span> <span class='ocrx_word' id='word_1_250' title='bbox 683 3612 711 3667; x_wconf 89' lang='grc' dir='ltr'><strong><em>Β</em></strong></span> <span class='ocrx_word' id='word_1_251' title='bbox 818 3610 836 3665; x_wconf 81' lang='grc'>3</span> <span class='ocrx_word' id='word_1_252' title='bbox 860 3612 952 3664; x_wconf 77' lang='lat' dir='ltr'><strong>statos</strong></span> <span class='ocrx_word' id='word_1_253' title='bbox 973 3611 1007 3676; x_wconf 83' lang='lat' dir='ltr'><strong>T,</strong></span> <span class='ocrx_word' id='word_1_254' title='bbox 1038 3615 1130 3667; x_wconf 65' lang='lat' dir='ltr'><strong>emtus</strong></span> <span class='ocrx_word' id='word_1_255' title='bbox 1151 3610 1179 3667; x_wconf 84' lang='lat' dir='ltr'><strong><em>V</em></strong></span> 
     </span>
     <span class='ocr_line' id='line_1_31' title="bbox 101 3696 1244 3767; baseline 0.003 -17"><span class='ocrx_word' id='word_1_256' title='bbox 101 3696 282 3751; x_wconf 76' lang='lat' dir='ltr'><strong>dnniuersus</strong></span> <span class='ocrx_word' id='word_1_257' title='bbox 301 3697 330 3753; x_wconf 95' lang='grc' dir='ltr'><strong><em>Β</em></strong></span> <span class='ocrx_word' id='word_1_258' title='bbox 423 3696 495 3767; x_wconf 85' lang='lat' dir='ltr'><strong>qnod</strong></span> <span class='ocrx_word' id='word_1_259' title='bbox 513 3698 558 3765; x_wconf 91' lang='lat' dir='ltr'><strong>(od</strong></span> <span class='ocrx_word' id='word_1_260' title='bbox 577 3700 659 3765; x_wconf 81' lang='lat' dir='ltr'><strong>corr.)</strong></span> <span class='ocrx_word' id='word_1_261' title='bbox 677 3698 703 3752; x_wconf 83' lang='grc' dir='ltr'><em>Τ</em></span> <span class='ocrx_word' id='word_1_262' title='bbox 796 3698 1008 3767; x_wconf 72' lang='lat' dir='ltr'><strong>tcorrcguntur</strong></span> <span class='ocrx_word' id='word_1_263' title='bbox 1026 3698 1055 3752; x_wconf 91' lang='grc' dir='ltr'><strong><em>Β</em></strong></span> <span class='ocrx_word' id='word_1_264' title='bbox 1149 3698 1244 3753; x_wconf 79' lang='lat' dir='ltr'><strong>deon-</strong></span> 
     </span>
     <span class='ocr_line' id='line_1_32' title="bbox 102 3782 1175 3855; baseline 0 -17"><span class='ocrx_word' id='word_1_265' title='bbox 102 3784 248 3853; x_wconf 84' lang='lat' dir='ltr'><strong>dempnsrc</strong></span> <span class='ocrx_word' id='word_1_266' title='bbox 265 3784 330 3839; x_wconf 72' lang='lat' dir='ltr'><strong>latri</strong></span> <span class='ocrx_word' id='word_1_267' title='bbox 435 3784 467 3837; x_wconf 90' lang='lat'><strong>11</strong></span> <span class='ocrx_word' id='word_1_268' title='bbox 485 3782 567 3838; x_wconf 84' lang='lat' dir='ltr'><strong>nullis</strong></span> <span class='ocrx_word' id='word_1_269' title='bbox 585 3784 613 3840; x_wconf 94' lang='grc' dir='ltr'><strong><em>Β</em></strong></span> <span class='ocrx_word' id='word_1_270' title='bbox 710 3783 854 3855; x_wconf 86' lang='lat' dir='ltr'><strong>probrosus</strong></span> <span class='ocrx_word' id='word_1_271' title='bbox 872 3782 902 3838; x_wconf 85' lang='grc' dir='ltr'><strong><em>Β</em></strong></span> <span class='ocrx_word' id='word_1_272' title='bbox 1005 3784 1039 3839; x_wconf 82' lang='grc'><strong>14</strong></span> <span class='ocrx_word' id='word_1_273' title='bbox 1055 3788 1122 3838; x_wconf 88' lang='lat' dir='ltr'><strong>sunt</strong></span> <span class='ocrx_word' id='word_1_274' title='bbox 1140 3782 1175 3838; x_wconf 86' lang='lat' dir='ltr'><strong>V¹</strong></span> 
     </span>
     <span class='ocr_line' id='line_1_33' title="bbox 101 3868 1243 3940; baseline -0.001 -15"><span class='ocrx_word' id='word_1_275' title='bbox 101 3869 206 3925; x_wconf 87' lang='lat' dir='ltr'><strong>lesistis</strong></span> <span class='ocrx_word' id='word_1_276' title='bbox 223 3868 288 3925; x_wconf 78' lang='lat' dir='ltr'><strong>libri</strong></span> <span class='ocrx_word' id='word_1_277' title='bbox 392 3869 426 3923; x_wconf 78' lang='lat'><strong>15</strong></span> <span class='ocrx_word' id='word_1_278' title='bbox 443 3870 568 3939; x_wconf 66' lang='lat' dir='ltr'><strong>puwct]</strong></span> <span class='ocrx_word' id='word_1_279' title='bbox 580 3872 687 3940; x_wconf 84' lang='lat' dir='ltr'><strong>patrum</strong></span> <span class='ocrx_word' id='word_1_280' title='bbox 707 3870 756 3925; x_wconf 83' lang='lat' dir='ltr'><strong>Po</strong></span> <span class='ocrx_word' id='word_1_281' title='bbox 853 3870 979 3925; x_wconf 83' lang='lat' dir='ltr'><strong>estimare</strong></span> <span class='ocrx_word' id='word_1_282' title='bbox 999 3870 1033 3925; x_wconf 80' lang='lat' dir='ltr'><strong>T¹</strong></span> <span class='ocrx_word' id='word_1_283' title='bbox 1139 3871 1171 3924; x_wconf 90' lang='grc'><strong>16</strong></span> <span class='ocrx_word' id='word_1_284' title='bbox 1188 3886 1243 3925; x_wconf 89' lang='lat' dir='ltr'><strong>mo·</strong></span> 
     </span>
    </p>
   </div>
   <div class='ocr_carea' id='block_1_6' title="bbox 101 3973 1244 4045">
    <p class='ocr_par' dir='ltr' id='par_1_6' title="bbox 101 3973 1244 4045">
     <span class='ocr_line' id='line_1_34' title="bbox 101 3973 1244 4045; baseline 0.003 -17"><span class='ocrx_word' id='word_1_285' title='bbox 101 3974 232 4029; x_wconf 85' lang='lat' dir='ltr'><strong>serrimao</strong></span> <span class='ocrx_word' id='word_1_286' title='bbox 250 3973 290 4030; x_wconf 79' lang='grc' dir='ltr'><strong>Βι</strong></span> <span class='ocrx_word' id='word_1_287' title='bbox 394 3973 555 4029; x_wconf 82' lang='lat' dir='ltr'><strong>conditionis</strong></span> <span class='ocrx_word' id='word_1_288' title='bbox 574 3974 640 4030; x_wconf 71' lang='lat' dir='ltr'><strong>titre·</strong></span> <span class='ocrx_word' id='word_1_289' title='bbox 745 3974 778 4029; x_wconf 88' lang='grc'><strong>19</strong></span> <span class='ocrx_word' id='word_1_290' title='bbox 800 3976 912 4045; x_wconf 86' lang='lat' dir='ltr'><strong>imperia</strong></span> <span class='ocrx_word' id='word_1_291' title='bbox 930 3974 1041 4029; x_wconf 83' lang='lat' dir='ltr'><strong>duruT</strong></span> <span class='ocrx_word' id='word_1_292' title='bbox 1141 3974 1174 4029; x_wconf 93' lang='grc'>21</span> <span class='ocrx_word' id='word_1_293' title='bbox 1193 3976 1244 4031; x_wconf 88' lang='lat' dir='ltr'><strong>im·</strong></span> 
     </span>
    </p>
   </div>
   <div class='ocr_carea' id='block_1_7' title="bbox 101 4064 1244 4163">
    <p class='ocr_par' dir='ltr' id='par_1_7' title="bbox 101 4064 1244 4163">
     <span class='ocr_line' id='line_1_35' title="bbox 101 4064 1244 4163; baseline 0.002 -16"><span class='ocrx_word' id='word_1_294' title='bbox 101 4092 260 4148; x_wconf 77' lang='lat' dir='ltr'><strong>mundol&#39;</strong></span> <span class='ocrx_word' id='word_1_295' title='bbox 369 4092 404 4147; x_wconf 88' lang='grc'><strong>22</strong></span> <span class='ocrx_word' id='word_1_296' title='bbox 430 4094 535 4163; x_wconf 84' lang='lat' dir='ltr'><strong>eripuet</strong></span> <span class='ocrx_word' id='word_1_297' title='bbox 561 4094 590 4148; x_wconf 91' lang='grc' dir='ltr'><strong><em>Β</em></strong></span> <span class='ocrx_word' id='word_1_298' title='bbox 693 4064 783 4150; x_wconf 68' lang='lat' dir='ltr'><strong>autori</strong></span> <span class='ocrx_word' id='word_1_299' title='bbox 809 4094 838 4151; x_wconf 89' lang='grc' dir='ltr'><strong><em>Β</em></strong></span> <span class='ocrx_word' id='word_1_300' title='bbox 940 4084 1025 4150; x_wconf 80' lang='lat' dir='ltr'><strong>nesci‘</strong></span> <span class='ocrx_word' id='word_1_301' title='bbox 1051 4092 1079 4149; x_wconf 84' lang='lat' dir='ltr'><strong><em>V</em></strong></span> <span class='ocrx_word' id='word_1_302' title='bbox 1180 4098 1244 4149; x_wconf 87' lang='lat' dir='ltr'><strong>eunt</strong></span> 
     </span>
    </p>
   </div>
   <div class='ocr_carea' id='block_1_8' title="bbox 102 4186 1243 4391">
    <p class='ocr_par' dir='ltr' id='par_1_8' title="bbox 102 4186 1243 4391">
     <span class='ocr_line' id='line_1_36' title="bbox 103 4186 1243 4284; baseline 0.003 -17"><span class='ocrx_word' id='word_1_303' title='bbox 103 4212 188 4268; x_wconf 75' lang='lat' dir='ltr'><strong>Sim.</strong></span> <span class='ocrx_word' id='word_1_304' title='bbox 292 4213 327 4269; x_wconf 85' lang='grc'>23</span> <span class='ocrx_word' id='word_1_305' title='bbox 344 4186 413 4284; x_wconf 67' lang='lat' dir='ltr'><strong>pena</strong></span> <span class='ocrx_word' id='word_1_306' title='bbox 431 4216 460 4270; x_wconf 92' lang='grc' dir='ltr'><strong><em>Β</em></strong></span> <span class='ocrx_word' id='word_1_307' title='bbox 562 4214 898 4270; x_wconf 73' lang='lat' dir='ltr'><strong>24tnmorslouassct1&#39;</strong></span> <span class='ocrx_word' id='word_1_308' title='bbox 999 4214 1033 4268; x_wconf 70' lang='lat' dir='ltr'><strong>at</strong></span> <span class='ocrx_word' id='word_1_309' title='bbox 1050 4215 1079 4268; x_wconf 89' lang='lat' dir='ltr'><strong>to</strong></span> <span class='ocrx_word' id='word_1_310' title='bbox 1095 4228 1146 4270; x_wconf 78' lang='lat' dir='ltr'><strong>osc.</strong></span> <span class='ocrx_word' id='word_1_311' title='bbox 1165 4214 1194 4270; x_wconf 94' lang='grc' dir='ltr'><strong><em>Β</em></strong></span> <span class='ocrx_word' id='word_1_312' title='bbox 1210 4215 1243 4270; x_wconf 77' lang='lat' dir='ltr'><strong>iss</strong></span> 
     </span>
     <span class='ocr_line' id='line_1_37' title="bbox 102 4317 1174 4391; baseline 0.001 -18"><span class='ocrx_word' id='word_1_313' title='bbox 102 4318 161 4385; x_wconf 75' lang='lat' dir='ltr'><strong>fine</strong></span> <span class='ocrx_word' id='word_1_314' title='bbox 173 4317 264 4374; x_wconf 71' lang='lat' dir='ltr'><strong>lium</strong></span> <span class='ocrx_word' id='word_1_315' title='bbox 350 4320 456 4389; x_wconf 86' lang='lat' dir='ltr'><strong>priuato</strong></span> <span class='ocrx_word' id='word_1_316' title='bbox 474 4320 502 4376; x_wconf 99' lang='grc' dir='ltr'><strong><em>Β</em></strong></span> <span class='ocrx_word' id='word_1_317' title='bbox 588 4320 623 4375; x_wconf 88' lang='grc'>26</span> <span class='ocrx_word' id='word_1_318' title='bbox 641 4319 823 4391; x_wconf 87' lang='lat' dir='ltr'><strong>toruo}turbo</strong></span> <span class='ocrx_word' id='word_1_319' title='bbox 835 4318 863 4374; x_wconf 94' lang='grc' dir='ltr'><strong><em>Β</em></strong></span> <span class='ocrx_word' id='word_1_320' title='bbox 950 4320 983 4373; x_wconf 83' lang='grc'>21</span> <span class='ocrx_word' id='word_1_321' title='bbox 1002 4318 1128 4374; x_wconf 90' lang='lat' dir='ltr'><strong>incolomi</strong></span> <span class='ocrx_word' id='word_1_322' title='bbox 1145 4318 1174 4374; x_wconf 94' lang='grc' dir='ltr'><strong><em>Β</em></strong></span> 
     </span>
    </p>
   </div>
   <div class='ocr_carea' id='block_1_9' title="bbox 0 0 1472 4934">
    <p class='ocr_par' dir='ltr' id='par_1_9' title="bbox 0 0 1472 4934">
     <span class='ocr_line' id='line_1_38' title="bbox 0 0 1472 4934; baseline 0 1"><span class='ocrx_word' id='word_1_323' title='bbox 0 0 1472 4934; x_wconf 95' lang='lat' dir='ltr'><strong> </strong></span> 
     </span>
    </p>
   </div>
  </div>
 </body>
</html>
