2934 4934
245 319 309 390 378
601 317 717 388 Magni
735 317 864 374 Felicio
881 319 1017 375 ltnaodi

244 509 394 594 pontifex,
418 510 474 575 tua
495 509 567 593 plus
590 509 656 594 egit
679 508 831 587 absentia,
854 512 1009 592 quantum
1023 507 1195 593 imperauit
1208 510 1378 579 humilitas

246 613 452 698 deprehensa,
476 610 655 694 dicantuilli.
679 629 757 695 quos
778 611 818 678 (lo
839 611 981 679 exulibus
1003 612 1175 680 dibssimos
1196 614 1376 683 madidisti.

242 715 342 800 igitur
363 715 481 797 omnia,
511 733 590 798 quae
617 730 637 780 a
657 713 802 798 piissimo
829 733 903 798 rege
923 714 1125 798 promiseris
1147 734 1202 800 per
1224 716 1375 802 pagiuam

243 819 335 902 petiit
354 817 522 904 singularis
542 816 690 897 entismo,
717 816 935 886 incunctanter
955 819 1105 887 obtinuit.
1133 838 1261 886 serenus
1283 839 1376 904 prae-

243 921 327 989 stitit
342 923 463 1007 copiam
482 922 682 1006 supplicanti,
706 921 758 988 cui
779 939 848 1005 pro·
859 925 1100 1008 conpensatione
1117 922 1234 990 laboris
1251 923 1303 990 sui
1315 925 1376 992 lroo
1394 947 1404 984 ι

244 1023 429 1092 credebatur
455 1043 546 1107 posse
574 1022 732 1104 sufficere,
768 1024 918 1111 quioquid
946 1026 1125 1110 perillum
1152 1025 1298 1094 beneficii
1324 1046 1375 1094 re·

243 1129 389 1214 demptus
412 1131 444 1196 et
464 1146 583 1212 pauper
606 1127 773 1212 acciperet

286 1249 458 1334 Postquam
486 1251 594 1315 tamen
618 1266 725 1313 omues
747 1246 802 1331 qui
823 1248 963 1314 reuocati
984 1247 1111 1314 fueraut
1132 1247 1261 1314 indultu
1282 1267 1374 1332 prae·

243 1351 362 1419 serendi
383 1352 531 1435 principis
554 1351 621 1417 iure
643 1367 698 1417 suo
714 1349 821 1416 donati
835 1354 919 1427 aunt,
942 1351 1142 1433 perfunctam
1155 1351 1372 1418 molestiarum

243 1475 370 1523 suarum
400 1457 514 1523 molem
543 1454 736 1522 admirabilia
764 1457 910 1523 censebat
932 1455 1123 1542 episcopus,
1144 1473 1218 1522 eum
1239 1456 1404 1524 necllumu

242 1558 365 1626 biennio
389 1562 494 1626 exaoto
517 1576 536 1624 a
558 1557 746 1625 deliberatae
774 1557 890 1642 quietis
911 1559 1034 1643 gremio
1054 1565 1218 1643 tamquam
1241 1577 1262 1625 a
1283 1566 1374 1643 portu

243 1663 356 1730 cumba
382 1662 452 1728 aliis
479 1661 580 1727 inlata
606 1661 793 1744 tempestate
821 1662 1016 1745 propellitur.
1053 1679 1128 1728 nam
1156 1663 1293 1730 infirmis
1321 1665 1373 1729 Ii·

242 1785 357 1852 gerum
378 1768 412 1832 et
433 1765 613 1832 labantibus
640 1765 779 1831 humeris
806 1764 1017 1834 nix'iereuda
1037 1766 1232 1835 tributorum
1253 1770 1373 1836 samma

242 1869 460 1947 mandabatur.
493 1885 599 1934 rursus
621 1869 660 1935 ad
682 1871 731 1952 te,
754 1868 952 1936 adflictarum
973 1869 1164 1949 consolator,
1186 1873 1372 1938 memuitur.

243 1975 367 2040 doceres
389 1971 508 2038 frustra
529 1971 701 2039 reddidisse
723 1972 843 2056 patriae
871 1973 975 2052 oium,
1004 1974 1034 2040 si
1054 1973 1121 2040 illis
1141 1973 1177 2040 iu
1198 1976 1266 2042 uolo
1287 1976 1400 2042 auitos

243 2073 494 2160 periclitantibus
515 2093 578 2141 non
590 2077 722 2142 adesses.
752 2081 784 2142 et
799 2078 873 2159 quia
886 2080 969 2160 apud
984 2078 1018 2145 te
1031 2095 1205 2163 numquam
1218 2079 1371 2165 fatigatus

244 2185 291 2248 est
314 2180 368 2265 qui
389 2177 524 2264 rogauit,
547 2179 713 2262 suscepisti
737 2197 844 2247 oauate
865 2179 1038 2247 infelicium
1061 2183 1094 2249 et
1114 2187 1148 2248 te
1167 2184 1314 2267 protinus
1334 2185 1371 2249 at

243 2282 381 2352 recidiua
402 2299 495 2349 onera
516 2283 715 2366 praeparasti.
754 2283 937 2350 &uernam
961 2303 1019 2370 pro
1040 2284 1130 2351 uobis
1151 2303 1261 2369 regern
1283 2303 1371 2369 ropa-

243 2391 332 2456 turuo
355 2385 508 2465 excurris,
538 2404 648 2469 quum,
672 2404 710 2452 ne
731 2389 765 2451 te
788 2385 834 2452 ibi
855 2387 1021 2471 quiequam
1043 2389 1116 2471 post
1136 2386 1306 2455 Gallicana
1324 2388 1371 2453 iu·

243 2492 347 2576 signia
367 2491 521 2573 mutaret,
546 2489 707 2576 effugeres.
740 2490 842 2558 minas
873 2491 955 2558 oaeli
975 2492 1241 2577 procellarumque
1263 2491 1399 2560 nmen-a

242 2595 338 2676 mita,
362 2594 464 2660 adhuc
486 2595 573 2676 quasi
596 2594 665 2660 aeui
686 2593 810 2680 integer
830 2595 888 2662 aut
908 2595 1049 2662 ualentia
1062 2595 1199 2682 corporis
1216 2597 1369 2675 munitus,

243 2715 401 2782 exuperato
439 2713 610 2779 numqaum
643 2696 703 2762 tibi
733 2696 774 2762 aot
800 2697 939 2764 officium
967 2701 1142 2765 animorum
1169 2717 1204 2766 se
1231 2697 1371 2766 membra

243 2801 386 2885 quamuis
409 2797 547 2866 inualida
561 2799 788 2866 subduxerunt:
811 2799 923 2884 frigas,
946 2801 1082 2884 pluuias,
1104 2801 1220 2878 Padus,
1244 2800 1369 2878 ieiunia,

243 2903 419 2987 nauigatio,
452 2903 641 2986 periculum,
673 2901 829 2985 mnibus,
862 2901 930 2969 siue
959 2905 1046 2970 tecto
1078 2901 1200 2970 mansio
1233 2903 1270 2970 in
1298 2901 1370 2986 ripis

242 3005 398 3086 fluminis,
428 3006 540 3072 iuoorti
567 3023 664 3088 paene
686 3008 754 3072 siue
774 3005 861 3072 tarra
880 3007 1003 3089 portua,
1034 3004 1148 3072 uirtuti
1170 3010 1246 3072 tuae
1266 3005 1397 3074 tuloin

243 3111 372 3176 fuerunt
393 3110 426 3178 et
447 3112 539 3195 grata
566 3109 730 3175 mooessui
769 3109 975 3176 contristatus
997 3114 1044 3176 est
1066 3110 1105 3178 de
1125 3109 1305 3194 praeseutia
1324 3106 1369 3174 tui

278 3311 460 3368 labsentiem
479 3312 506 3365 Β
609 3312 768 3381 impetrauit
791 3312 865 3369 Bou.
968 3313 1158 3369 2reddedisti
1181 3313 1209 3368 Β
1312 3313 1367 3382 lta]

243 3415 276 3455 aa
293 3398 321 3453 Β
424 3397 541 3452 miaseris
558 3397 587 3452 Β
687 3399 839 3454 lautiotis
860 3398 888 3453 Β
989 3401 1137 3470 5oupiam
1155 3401 1195 3455 Βι
1299 3402 1367 3455 lire·

242 3475 396 3589 iempt’uric
416 3503 441 3555 Τ
535 3501 566 3556 11
585 3501 754 3589 deliberante
774 3504 800 3558 Τ
882 3502 909 3574 a]
926 3519 943 3558 o
962 3503 1004 3570 Β,
1031 3503 1130 3560 euru
1226 3503 1260 3560 12
1277 3504 1367 3573 cymba

243 3603 328 3661 MV
409 3604 472 3658 aliis
485 3604 746 3672 iudaeitSobcttua,
764 3604 846 3659 altius
857 3603 923 3673 fort.
1011 3604 1195 3660 lesmoren
1280 3605 1366 3662 loto

242 3727 309 3782 aaa
322 3725 357 3794 a,
376 3723 579 3792 rememoro.
679 3723 841 3811 renormat
856 3725 888 3791 r,
905 3688 1104 3811 sabatae
1200 3725 1366 3782 oue-uc

241 3828 357 3884 excurris
378 3829 402 3882 T
416 3828 476 3882 otio
487 3844 587 3884 motae
598 3831 734 3898 multoque
743 3830 866 3899 praedas
876 3829 1007 3884 moa&
1105 3828 1138 3884 16
1157 3827 1257 3883 eumn
1275 3828 1302 3883 Β

241 3929 379 3984 uunquam
390 3914 418 3969 Β
499 3915 532 3971 18
544 3917 690 3985 preparasti
704 3913 731 3969 Β
813 3917 847 3970 19
857 3912 1018 3971 excurreeB
1097 3913 1263 3985 gallicanam
1274 3915 1303 3970 Β

122 3985 127 3998 ’
242 4001 277 4056 Β)
301 3997 422 4056 laudaret
448 3999 476 4054 Β
578 3999 707 4070 effugeres
727 3998 766 4054 1⁷¹
869 4001 902 4054 21
927 3997 1080 4071 integril'
1179 3999 1214 4054 22
1230 4012 1362 4070 exsuperus

242 4084 323 4142 ΜΨ
425 4086 537 4142 menbra
554 4085 594 4140 B¹
612 4093 644 4142 at
660 4085 777 4142 uim
877 4085 913 4140 91
934 4086 1056 4155 pericula
1071 4085 1223 4141 tonitruum
1241 4081 1362 4142 &tm

242 4171 357 4228 ouon.
461 4174 530 4228 lecto
548 4171 630 4230 Sirra.
733 4170 925 4242 tbpartussr
1026 4169 1360 4228 wisamarum.

242 4257 375 4326 Sobottaae,
399 4257 549 4315 consolatus
567 4259 628 4314 eod.
645 4259 706 4318 Vct.
719 4258 841 4316 Baroaia'
926 4259 1059 4328 presentia
1076 4258 1105 4313 Β
1190 4261 1240 4312 tua
1257 4257 1283 4313 T
