2934 4934
1118 443 1218 490 XXXV

8 685 9 710 ¹
87 613 274 695 monstrant,
298 611 351 676 sed
373 612 511 676 totorum
534 609 759 678 uocabulorum
782 609 925 676 foedatus
948 611 1019 689 fnit,
1040 632 1131 697 qnae
1152 616 1216 680 iam

8 719 10 742 '
87 716 255 781 maximam
279 715 401 797 partem
424 714 553 780 alterins
577 715 717 780 familiae
731 716 812 778 teste
828 732 889 780 nno
905 716 1007 782 codice
1030 718 1057 782 B
1078 717 1216 801 suppleri

86 822 223 902 possunt.
259 818 304 883 sio
333 819 440 882 omisit
462 819 491 897 3,
515 817 792 898 3pcrfootiooem,
823 816 853 895 3,
877 817 1024 883 7666616
1048 821 1135 906 (narn
1159 821 1218 885 hoo

8 913 9 916 '
84 921 274 988 uocabulum
297 922 329 984 et
350 921 501 986 nonnulla
523 939 640 997 eornm,
664 939 742 1002 qnae
758 919 902 1002 deinceps
918 923 1115 1003 enumerabo,
1139 942 1217 1008 quae

85 1025 120 1090 de
142 1042 272 1089 summa
294 1025 407 1091 codicis
430 1025 457 1089 B
480 1027 660 1108 integritate
682 1041 754 1090 cnm
775 1024 891 1107 primas
912 1026 1057 1109 plagulas
1075 1046 1216 1094 curarem

85 1129 181 1194 etiam
193 1127 343 1193 dubitans
358 1145 419 1193 non
431 1129 543 1212 recepi,
558 1129 692 1213 genuina
707 1146 774 1192 esse
789 1146 923 1210 casuque
937 1129 970 1193 in
983 1127 1083 1195 altera
1097 1130 1218 1197 familia

85 1231 294 1310 intercidisse,
318 1233 380 1296 iam
396 1233 481 1299 omni
503 1235 630 1316 pignore
646 1232 880 1314 contenderim),
896 1231 926 1314 4,
943 1232 1025 1312 216,
1047 1233 1076 1313 8,
1093 1235 1114 1298 2
1128 1252 1216 1311 osas,

8 1387 9 1408 ,
86 1332 1216 1417 1324666,14,1161616,19,361,23,2116616,24,1261166,

8 1447 10 1506 i
84 1439 336 1522 26166661,
371 1437 423 1517 36,
450 1441 488 1502 19
511 1457 599 1522 erpo,
635 1437 947 1515 48766661116116,
978 1438 1033 1515 60,
1055 1439 1095 1504 21
1126 1441 1217 1523 qood,

83 1543 135 1622 61,
164 1544 203 1608 11
229 1563 339 1624 cepero,
375 1541 426 1618 62,
454 1541 494 1606 14
517 1540 613 1624 operi,
648 1539 875 1624 92101666,
909 1539 961 1620 94,
985 1540 1004 1606 7
1026 1543 1086 1627 mi,
1123 1544 1217 1622 96,7

83 1646 290 1728 sufficienter,
321 1645 372 1724 98,
398 1643 439 1709 16
460 1643 541 1707 mibi
563 1641 677 1721 debeat,
703 1644 774 1726 120,
795 1643 835 1708 21
858 1645 1006 1725 somam,
1033 1646 1218 1726 1304661,

8 1827 9 1848 ¹
86 1749 363 1830 1521261166,
399 1748 471 1825 166,
494 1747 537 1811 20
565 1749 617 1824 ot,
653 1745 724 1823 176,
747 1747 768 1811 9
790 1767 828 1825 6,
863 1747 937 1824 219,
959 1749 990 1813 6.
1020 1749 1093 1825 221,
1116 1749 1154 1816 21
1180 1757 1218 1834 ci,

8 1871 9 1882 ¹
83 1851 161 1932 219,
183 1852 228 1917 23
249 1873 286 1931 α,
321 1851 394 1931 222,
417 1851 438 1916 2
460 1851 608 1934 acceptio,
642 1851 715 1930 254,
740 1851 761 1916 5
782 1850 921 1933 affinem,
955 1852 1034 1931 302,
1058 1852 1100 1919 24
1121 1873 1217 1937 spem,

8 1987 9 1990 ¹
83 1957 161 2038 318,
186 1955 230 2021 23
250 1955 297 2034 dc,
327 1953 400 2033 334,
424 1953 466 2021 26
487 1953 694 2034 potissimum,
728 1951 802 2033 340,
825 1953 847 2018 4
868 1954 967 2036 66166,
999 1955 1072 2040 346,
1097 1956 1114 2021 7
1138 1978 1219 2043 com,

83 2062 162 2139 369,
189 2060 228 2123 17
251 2063 319 2141 cod,
341 2057 414 2133 386,
438 2057 480 2123 26
503 2057 542 2142 61,
565 2055 638 2136 387,
664 2057 791 2143 18666,
815 2057 1057 2140 3881211661,
1080 2061 1154 2141 400,
1178 2064 1220 2129 22

83 2163 266 2246 6611166661,
300 2162 410 2242 2316,
443 2160 517 2237 427,
540 2159 560 2226 6
583 2159 695 2244 616616,
727 2161 801 2237 431,
825 2163 846 2226 2
868 2181 940 2248 esse,
966 2162 1069 2243 6661,
1101 2165 1174 2244 432,
1198 2166 1217 2231 7

81 2271 258 2351 suolmam,
282 2265 355 2343 436,
381 2264 419 2329 19
441 2267 470 2329 61
491 2263 634 2345 apostoli,
663 2263 736 2344 456,
763 2263 981 2346 1216166116,
1004 2267 1077 2345 462,
1100 2270 1121 2333 3
1143 2289 1218 2348 oon,

83 2372 163 2450 490,
196 2370 238 2437 26
271 2373 314 2449 et,
348 2369 421 2451 493,
451 2368 471 2434 8
504 2387 586 2447 ooo,
619 2366 692 2446 497,
723 2369 764 2432 14
795 2388 876 2454 rem,
908 2371 982 2451 624,
1012 2372 1042 2436 9.
1076 2371 1150 2451 624,
1179 2373 1220 2439 12

83 2484 211 2558 tamen,
234 2473 258 2541 6
281 2473 344 2554 14,
363 2473 424 2538 102
446 2490 551 2556 copas,
575 2470 599 2535 0
621 2471 879 2550 Π119,11666;
903 2473 1024 2539 dnobus
1046 2494 1119 2541 uero
1142 2475 1219 2542 locis

84 2583 172 2646 totas
205 2579 317 2655 lineas,
352 2575 424 2656 399,
448 2577 468 2641 6
496 2577 524 2638 et
557 2572 699 2656 66661166
727 2576 1005 2658 6666666666
1038 2579 1127 2644 molo
1148 2578 1220 2645 iolc-

83 2705 195 2751 666616
228 2699 332 2760 unam,
356 2680 465 2759 314,7
490 2679 845 2761 aon-dispensatione
866 2685 943 2747 duas
966 2684 1000 2747 et
1020 2684 1219 2767 subscriptio·

86 2809 174 2868 nem,
208 2803 287 2870 quae
320 2786 352 2848 in
385 2784 412 2849 B
445 2784 595 2850 101179'
625 2787 694 2868 post
726 2784 904 2849 Dictionem
937 2784 1013 2850 XXI
1049 2784 1220 2851 Eooodiors

84 2889 259 2957 6616661661
293 2907 395 2952 mmm
430 2886 485 2952 deo
522 2908 587 2952 meo
630 2889 764 2952 1666616
807 2889 936 2972 legitur,
978 2887 1053 2974 duur
1090 2889 1224 2972 alterius,

85 2991 328 3076 subscriptionis
365 2990 513 3074 reliquiae
551 2990 611 3075 1661
645 2994 716 3074 6661
750 2990 848 3075 Epist.
878 2990 907 3054 V
937 2992 975 3056 17
1010 2994 1041 3057 16
1076 2993 1219 3058 omnibus

87 3095 250 3162 codicibus
278 3097 508 3173 conseruentnr,
540 3097 653 3160 omisit.
692 3095 875 3161 lacunarum
903 3113 975 3160 uero
997 3095 1136 3177 exempla
1157 3114 1219 3160 non

87 3201 218 3267 exhausi
225 3221 233 3280 ;
270 3199 392 3264 restant
428 3199 522 3264 etiam
546 3198 698 3264 uocabula
723 3198 881 3277 nonnulla,
912 3217 1084 3282 quaecum
1107 3200 1143 3282 B,
1167 3202 1220 3283 qni

87 3304 176 3370 omni
203 3301 451 3386 interpolationis
481 3302 653 3385 suspicione
682 3301 832 3367 immunis
861 3303 918 3379 est,
951 3303 1036 3368 solus
1067 3303 1219 3381 exhibeat,

88 3426 194 3473 errore
226 3407 257 3472 in
287 3405 416 3471 alterius
445 3405 582 3471 familiae
613 3405 779 3490 archetypo
805 3405 998 3470 intercidisse
1020 3423 1112 3489 quarn
1135 3407 1218 3472 inB

89 3512 130 3575 ab
161 3510 378 3592 interpolatore
408 3509 527 3574 adiecta
555 3527 621 3574 esse
643 3509 834 3592 probabilius
857 3512 1025 3589 statuetur,
1054 3511 1103 3574 his
1125 3509 1220 3577 locis:

92 3615 143 3692 15,
167 3613 188 3678 9
210 3613 266 3678 ubi
287 3612 374 3678 lacus
395 3613 506 3678 Larius
529 3611 729 3678 describitur:
759 3613 865 3676 morio
889 3612 1028 3692 tloaiom
1050 3612 1219 3678 Addoom-

89 3737 150 3797 666
173 3715 339 3796 1661166116,
362 3734 438 3797 6666
463 3717 551 3796 (quoe
573 3714 608 3791 T,
631 3715 712 3796 6661
735 3713 844 3800 Sirm.)
863 3735 924 3796 per
944 3715 1087 3796 confusos
1108 3717 1221 3782 doetus

90 3819 260 3884 discrimen
293 3819 331 3882 io
366 3818 417 3892 (16
450 3835 509 3883 orn.
539 3817 647 3902 LTV)
682 3818 786 3884 locum
816 3820 951 3883 tumoris
982 3819 1132 3899 ostendit,
1164 3820 1221 3900 661

91 3922 220 4002 6666661
241 3921 280 3984 16
301 3939 335 3984 co
353 3923 435 4000 (6666
449 3921 488 4000 Β)
512 3939 687 4002 numquam
702 3921 769 3986 6161
777 3941 840 4002 per
853 3921 982 3986 1666616
993 3921 1114 4002 ticonio
1125 3927 1219 4003 6616-

90 4029 193 4088 6666.
238 4023 320 4107 qnod
353 4023 418 4106 ipse
453 4023 524 4089 dedi
554 4043 687 4106 qaorum
717 4043 772 4106 pro
800 4043 876 4104 6666
904 4025 968 4090 iam
1002 4024 1111 4090 dubito
1144 4044 1220 4092 num
1358 4085 1361 4091 .

91 4127 297 4192 necessarium
320 4127 378 4203 sit,
406 4147 478 4193 nam
499 4147 577 4209 6666
592 4147 654 4209 per
674 4129 820 4210 confusos
841 4127 1218 4214 61661666666666661)

92 4232 134 4294 ad
154 4230 262 4294 oacrio
281 4229 480 4312 1166166666
507 4229 671 4313 Addcam,
695 4249 774 4313 quae
796 4229 950 4312 particula
971 4249 1031 4311 666
1052 4230 1221 4298 insolenter
1272 4293 1277 4308 ,

92 4333 194 4414 posita
228 4333 393 4399 coniuncta
425 4338 508 4413 snut,
543 4334 649 4399 eodem
674 4337 765 4401 modo
788 4351 848 4416 qno
870 4352 1004 4415 6666661
1030 4333 1222 4415 perductos

1085 4471 1118 4526 e*
