2934 4934
478 412 714 484 Epistularum
738 412 826 468 liber
843 413 875 470 V.
1179 414 1238 484 131

110 604 198 670 latur
220 605 346 679 indicio.
372 604 522 687 eopiosior
544 604 691 671 facundia
711 606 865 671 honorum
887 604 1005 671 militat
1026 603 1241 672 incrementis:

109 708 273 791 proiectus
295 726 367 775 snos
390 726 451 774 non
475 708 639 790 inparibus
661 706 843 793 significant
859 710 1033 790 peritorum
1045 726 1099 775 ora
1121 726 1243 775 sncces-

109 811 210 877 sibns.
253 830 323 878 ecce
353 812 533 879 inamabilis
562 812 766 879 taciturnitas
794 814 826 877 et
849 810 938 879 nobis
965 810 1089 879 dicendi
1111 810 1244 881 abstulit

107 913 241 997 genium
263 916 295 979 et
316 914 397 981 milri
417 916 558 981 laetitiae
587 914 705 981 inuidit
731 914 889 981 effectum.
926 914 1067 979 referatis
1095 913 1242 981 forsitan:

90 1035 219 1098 eposses
237 1036 301 1095 me,
321 1018 432 1098 amice,
455 1018 493 1084 de
508 1020 704 1103 ignoratione
720 1018 855 1101 culpare,
877 1016 905 1081 si
927 1016 1002 1100 qnid
1020 1017 1078 1085 tibi
1104 1019 1143 1083 de
1157 1018 1242 1101 apice

107 1139 180 1185 meo
211 1120 397 1203 promiscuis
429 1121 573 1189 dedicata
605 1122 724 1187 nuntiis
760 1121 846 1187 fama
878 1121 1058 1204 suppressit
1102 1123 1155 1187 sed
1185 1140 1241 1206 ego

108 1240 281 1307 agnoscere
309 1242 455 1289 carorum
483 1225 622 1291 culmina
643 1242 766 1289 rumore
794 1242 856 1289 non
885 1221 987 1305 patior
1017 1223 1049 1289 et
1074 1223 1242 1292 manifesta

107 1326 218 1407 gandii
242 1326 391 1412 colligere
415 1328 453 1393 de
477 1328 631 1412 opinionis
647 1326 869 1395 inconstantia.
892 1344 1039 1393 noueram
1054 1346 1148 1409 quarn
1163 1328 1242 1395 mihi

107 1429 323 1496 deuinctionis
351 1449 439 1512 spem
470 1431 602 1514 simplex
631 1432 746 1497 eruditi
774 1431 893 1499 dudum
922 1432 1048 1497 lecisset
1077 1431 1241 1515 allegatio:

74 1561 99 1599 ro
108 1537 278 1601 credebam
299 1535 417 1602 frustra
439 1556 490 1601 me
513 1536 547 1599 in
570 1535 628 1601 illa
649 1539 739 1619 parts
761 1534 878 1603 serenis
900 1536 1038 1603 animum
1060 1536 1144 1601 auris
1160 1553 1241 1602 com·

106 1638 252 1715 mittere,
280 1639 362 1703 nude
386 1643 422 1703 tn
443 1656 495 1703 me
517 1656 585 1703 esse
605 1637 741 1705 hilarem
761 1657 824 1703 non
850 1636 998 1705 iubebas:
1027 1638 1117 1705 illam
1139 1639 1240 1721 ipsam

106 1740 198 1805 mille
221 1740 344 1805 alarum
367 1739 557 1807 fabricatam
578 1742 720 1823 remigiis
742 1740 919 1824 scriptionis
940 1744 1013 1807 tuae
1034 1742 1240 1808 aestimabam

105 1844 242 1926 pedibus
260 1845 397 1927 potuisse
411 1844 562 1927 superari,
578 1862 617 1909 ne
631 1843 753 1909 amanti
765 1845 927 1926 expectata
938 1842 1019 1909 bona
1030 1844 1091 1911 tibi
1102 1844 1240 1910 fructum

106 1946 302 2029 praeripiens
324 1945 407 2012 alter
427 1946 593 2031 ingereret.
617 1964 697 2022 eece,
720 1946 767 2011 mi
789 1946 923 2028 domine,
948 1946 1095 2017 bonorem
1110 1947 1240 2013 salutati

74 2076 97 2113 s
106 2051 267 2134 accipiens
278 2051 396 2135 agnitis
410 2049 554 2118 dolorum
568 2049 673 2115 causis
687 2050 828 2115 remedia
837 2053 1007 2135 properate
1021 2070 1084 2124 non
1098 2052 1239 2137 deneges,

105 2154 191 2236 qnia,
216 2156 370 2237 quantum
384 2172 559 2238 praesumo,
576 2173 634 2219 nec
647 2153 727 2221 fides
744 2156 778 2221 in
794 2154 961 2239 diligentia
977 2174 1034 2221 nec
1049 2156 1089 2221 ad
1104 2174 1241 2239 unguem

105 2256 223 2322 dnetns
245 2275 349 2323 sermo
363 2276 419 2325 nos
435 2258 552 2325 deserit
567 2258 601 2322 in
623 2258 756 2341 loquela
782 2274 843 2323 non
866 2262 1028 2324 contentus
1049 2258 1157 2327 tannen
1180 2277 1240 2325 nno

105 2359 235 2425 dicendi
257 2378 371 2444 genere
396 2359 562 2444 displicere
583 2379 708 2428 carmen
726 2361 837 2447 adieci,
860 2362 897 2427 nt
917 2361 989 2445 post
1010 2362 1117 2445 epulas
1139 2361 1240 2427 Ante-

106 2464 194 2527 norei
217 2462 367 2545 gurgitis,
391 2480 469 2546 quas
484 2462 611 2529 lauacra
622 2463 727 2547 Aponi
749 2468 858 2533 coacta
872 2465 906 2529 in
928 2467 1033 2531 artum
1048 2464 1148 2534 cernis
1170 2467 1239 2548 lege

73 2568 278 2650 ucastigant
309 2567 385 2633 dum
407 2567 495 2654 illud,
520 2567 601 2650 qnod
624 2585 777 2649 aqnaeum
799 2567 915 2633 letibus
938 2566 1135 2647 distenditur,
1158 2586 1239 2651 aqna

105 2669 250 2750 desecat,
280 2686 337 2751 ego
360 2690 496 2754 qnoque,
527 2674 581 2753 qui
602 2672 764 2737 Heliconis
786 2669 907 2737 fluenta
929 2690 990 2737 non
1013 2671 1120 2754 tetigi,
1148 2674 1239 2753 poeta

210 2889 246 2943 12
263 2889 298 2945 cl.
316 2888 398 2961 Verg.
415 2889 484 2947 Aen.
500 2888 515 2943 1
532 2890 582 2945 301

154 3097 172 3149 1
199 3094 335 3164 cupiosior
356 3096 384 3150 Β
488 3096 612 3153 facondia
633 3098 672 3163 Τ,
699 3062 814 3152 facunda
835 3096 863 3152 L
969 3097 1096 3152 bonorum
1122 3097 1170 3152 Pb

103 3189 119 3242 2
136 3206 202 3245 enos
222 3190 320 3257 Sira,
345 3207 409 3245 anns
426 3189 582 3247 BLPTVb
684 3192 823 3263 significat
844 3194 869 3249 T
969 3192 987 3247 4
1004 3190 1126 3247 laeticiae
1142 3192 1170 3247 Β

102 3284 220 3352 dposais
232 3284 261 3338 Β
353 3286 648 3356 dsnppreasissetfort.
743 3288 877 3345 ‘latomus
888 3287 926 3343 L¹
1012 3286 1082 3357 8de]
1096 3286 1169 3342 ddB

103 3407 321 3462 escensurum
338 3407 390 3474 Po,
417 3408 593 3464 demotionis
611 3409 702 3477 usu,
720 3409 910 3465 nemesium
929 3410 955 3463 r
1050 3384 1238 3465 rofmscrsm'

103 3502 132 3555 Β
231 3503 343 3558 auribus
361 3502 388 3557 T
403 3509 430 3558 ct
442 3506 524 3559 Sirra
541 3506 603 3559 sinc
619 3522 712 3569 wara,
732 3522 794 3560 cum
812 3520 909 3559 serena
924 3504 996 3559 auris
1013 3504 1085 3559 idon
1098 3504 1193 3559 ualeat
1205 3521 1238 3561 ac

102 3613 203 3653 serem
220 3614 293 3669 qaae
308 3598 469 3667 audieram,
493 3600 529 3665 cf.
550 3600 665 3655 Wiener
682 3600 803 3657 scucos
815 3600 888 3669 Hp.
901 3602 958 3657 236
1055 3599 1193 3654 comittere
1210 3600 1237 3655 L

108 3691 133 3745 V
219 3694 253 3747 11
267 3694 475 3748 tneoecuLm.
489 3701 548 3749 aret.
634 3694 749 3749 hilarem
761 3712 816 3749 esse
830 3694 911 3750 Siren.
998 3694 1089 3749 iubeas
1102 3696 1148 3762 L¹‚
1162 3695 1236 3749 nide-

103 3813 153 3868 ιω
170 3814 202 3869 P
292 3814 327 3869 12
342 3779 421 3870 irum
437 3814 464 3870 n
556 3817 589 3871 ra
606 3782 800 3887 mauri
885 3815 937 3871 ciui
955 3815 984 3869 s
1000 3830 1020 3869 u.
1033 3816 1051 3870 ι.
1096 3866 1097 3869 ι
1145 3815 1179 3870 14
1195 3816 1236 3868 sn-

102 3916 206 3984 gererii
222 3917 253 3970 Β
356 3916 388 3972 15
407 3918 525 3972 dolorem
542 3919 569 3973 L
672 3921 817 3989 proparate
829 3918 891 3985 BL,
912 3918 1166 3987 praeparataSirm.

101 4010 216 4081 dmegis
233 4012 263 4066 Β
359 4013 391 4068 17
410 4029 496 4069 sermo
512 4015 540 4072 B
557 4014 608 4068 ad
694 4012 812 4083 loquella
831 4012 858 4067 Β
905 4030 909 4039 ’
943 4015 1113 4081 contemptus
1134 4012 1168 4064 Τ*

102 4134 136 4187 18
160 4132 284 4188 discendi
309 4134 346 4189 Τ*
448 4108 635 4221 tamin-idios
654 4135 682 4191 L
701 4138 781 4202 (corr.
798 4152 834 4193 m.
851 4138 921 4200 aret.)
1024 4133 1117 4202 epulas
1139 4131 1168 4186 Β

101 4234 136 4290 19
152 4224 372 4324 gitgnrgitisB
461 4256 528 4308 qnae
541 4240 577 4308 B,
595 4240 801 4310 qnosLPPVb
887 4238 984 4309 apponi
1002 4238 1044 4293 Tc
1140 4238 1172 4293 21
1191 4238 1235 4291 de-

101 4338 190 4395 8ioe8't
206 4342 274 4407 sort.
379 4344 492 4400 clitonis
509 4343 620 4400 BLPT
624 4344 650 4398 V

1094 4446 1131 4499 9*
