2934 4934
221 420 276 468 1111

221 590 339 657 ceteros
360 587 456 655 libros
478 587 569 672 longa
584 589 712 672 superat
733 590 777 663 et,
799 585 975 653 emendatio
990 591 1026 654 nt
1040 587 1130 653 firmo
1144 587 1351 654 fundamento

219 693 348 777 nitatur,
371 693 495 776 plenam
511 707 680 775 ueramque
694 690 855 775 archetypi
869 692 1009 758 omnium
1024 690 1164 758 codicum
1178 691 1351 774 imaginem

219 795 328 881 rallngi
350 813 476 861 naccam
498 795 555 861 est
585 794 624 859 ab
646 812 680 860 co
703 797 810 859 autam
831 793 1046 860 Bruxellensis
1066 794 1177 861 multis
1197 793 1351 879 gradibus

219 898 347 982 propius
369 898 457 965 abest
479 915 573 980 quam
595 897 718 980 reliqui,
741 895 796 980 qui
818 897 916 962 uariis
932 897 992 964 uiis
1007 916 1044 964 ex
1061 915 1122 964 uno
1138 897 1241 964 codice
1255 896 1350 963 hodie

220 1001 380 1081 deperdito
403 1000 637 1066 descenderunt.

167 1125 196 1190 V
263 1121 364 1188 corax
385 1120 603 1187 Vaticanus
623 1137 701 1186 saec.
721 1119 891 1185 vnn-x
913 1137 959 1186 nr.
982 1119 1067 1188 3803
1088 1125 1122 1186 in
1142 1120 1177 1186 4⁰
1198 1119 1350 1186 foliorum

221 1225 292 1304 156,
316 1226 404 1290 cuias
427 1224 604 1290 accuratam
622 1222 862 1306 descriptionem
877 1224 916 1288 A.
932 1224 1152 1291 Reifferscheid
1172 1224 1206 1291 in
1221 1223 1349 1290 Biblio-

217 1327 306 1394 tbcco
327 1326 465 1394 Patron
487 1326 661 1392 latinorum
683 1326 805 1392 Italico
830 1348 861 1412 p.
882 1328 1068 1395 rue-494
1094 1327 1240 1394 confecit.
1273 1345 1346 1392 enm

217 1434 251 1498 in
275 1450 382 1498 meum
412 1447 503 1497 usum
526 1429 566 1496 A.
589 1430 665 1498 blau
695 1431 789 1497 solita
817 1431 983 1517 diligentia
1012 1432 1147 1498 contulit
1175 1431 1349 1514 multisque

216 1536 303 1616 locis,
331 1537 364 1601 in
392 1535 503 1619 primia
531 1533 585 1600 nbi
608 1533 645 1600 de
674 1537 884 1600 correctorum
910 1536 1053 1602 munibus
1082 1534 1237 1602 dubitatio
1266 1536 1348 1612 erat,

216 1640 247 1707 J.
270 1637 479 1705 Zachmeister
501 1641 534 1702 ot
555 1637 593 1702 Β.
616 1636 766 1720 Meyncke
794 1637 910 1704 iterum
935 1638 1345 1720 iterumqnoinupexarunt.

215 1743 303 1808 totus
325 1742 430 1809 autem
453 1740 608 1805 constanti
629 1739 694 1805 iere
715 1759 790 1806 cura
811 1757 831 1805 a
850 1759 946 1806 manu
974 1739 1095 1807 librarii
1116 1739 1216 1824 ipsius
1243 1741 1348 1806 altero

216 1844 385 1928 exemplari
405 1861 468 1910 non
489 1845 522 1910 in
545 1842 695 1910 auxilium
717 1846 828 1910 nocato
850 1849 1007 1911 correctae
1030 1863 1098 1910 essa
1123 1845 1260 1921 uidetur,
1282 1842 1346 1908 nisi

216 1945 297 2029 quod
324 1963 379 2029 par
406 1961 506 2026 pauca
532 1943 609 2010 lolia
635 1943 671 2010 in
697 1943 903 2029 apologetico
930 1963 987 2029 pro
1014 1947 1133 2031 synodo
1155 1948 1211 2032 (ε
1229 1945 1344 2030 Opusc.

215 2049 260 2132 ΙΙ)
293 2048 393 2116 altera
420 2065 530 2114 manus
559 2065 652 2130 caque
680 2049 834 2115 recentior
866 2051 898 2114 et
924 2048 1142 2131 interpolatrix
1170 2048 1343 2133 dispicitur.

216 2155 408 2218 correcturae
442 2151 548 2216 autam
580 2152 745 2234 pleraeque
778 2168 886 2218 omnes
913 2153 948 2218 in
975 2154 1191 2220 emendatione
1222 2151 1347 2219 nullius

214 2254 367 2322 momenti
388 2257 472 2334 sunt,
496 2253 662 2321 nonnullae
694 2255 819 2320 tautum
847 2254 1011 2339 archetypi
1031 2257 1203 2339 scripturae
1225 2256 1345 2324 deacri-

214 2359 312 2426 bcndo
333 2359 446 2425 leniter
468 2359 604 2424 mutatas
621 2360 814 2426 reuocarunt.
839 2360 1011 2442 propinquo
1026 2361 1221 2444 cognationis
1241 2361 1343 2444 gradu

214 2481 285 2530 cum
308 2462 413 2530 codiee
433 2461 646 2530 Lambatbano
673 2463 856 2530 coniunctus
878 2467 935 2544 cst,
966 2483 1059 2548 quem
1080 2466 1188 2530 tamen
1210 2464 1347 2545 integri·

213 2567 279 2632 tate
301 2569 427 2648 totoque
449 2565 560 2632 babitu
581 2565 674 2649 longe
696 2570 831 2649 superat.

162 2674 187 2737 L
257 2667 402 2736 (lodicum
438 2668 747 2736 Lambethanum
782 2688 830 2734 nr.
860 2669 924 2736 325
960 2669 1092 2735 membr.
1129 2667 1164 2735 in
1190 2669 1224 2734 4·
1259 2687 1342 2735 saec.

214 2773 396 2840 VIIII—x
417 2771 563 2839 loliorum
588 2771 650 2838 144
674 2773 724 2855 (oi.
740 2772 781 2838 Κ.
803 2774 1037 2856 Zangsmeister
1050 2771 1181 2838 Bericlrt
1202 2772 1343 2838 olberdie

212 2879 257 2942 lm
293 2877 452 2960 Aestrogc
488 2875 544 2940 der
580 2875 833 2942 Kirclcecodtcr·
846 2875 1055 2943 Oommicsioc
1090 2879 1347 2941 emmeramme

212 2979 494 3062 Dorclaforscbucg
522 2979 578 3044 der
598 2978 822 3046 Bibliotbclrca
841 2979 1030 3063 Ersylondc,
1064 2999 1095 3063 p.
1116 2980 1160 3046 bb
1182 2981 1215 3044 et
1237 2979 1344 3044 Pentri

212 3082 333 3154 Archiv
361 3081 425 3148 VII
453 3102 482 3166 p.
505 3083 567 3148 237
591 3085 623 3148 et
644 3082 716 3166 82),
755 3082 788 3149 in
817 3101 923 3148 meum
951 3101 1044 3148 usum
1073 3082 1136 3148 uiri
1163 3082 1341 3149 doctissimi

212 3185 345 3252 Warncr
366 3187 398 3250 et
419 3185 513 3251 Nolte
535 3186 746 3253 contulerunt.
769 3185 797 3251 is
818 3190 995 3270 temporum
1016 3185 1182 3267 iniquitate
1203 3185 1347 3269 grauiter

212 3289 353 3356 adflictus
376 3293 445 3354 est:
472 3290 644 3372 permultae
667 3289 794 3356 litterae
815 3307 940 3371 prorsus
963 3291 1158 3356 euanuerunt
1179 3293 1235 3356 ant
1257 3288 1339 3356 male

213 3397 319 3476 postea
345 3392 479 3460 reiectae
505 3396 590 3476 snut,
621 3411 720 3476 neque
748 3395 842 3460 unius
864 3398 991 3460 tantum
1013 3394 1194 3478 corrigentis
1227 3411 1340 3460 manue

212 3497 246 3562 in
274 3497 470 3563 emendandis
498 3501 553 3562 aut
582 3497 791 3581 deprauundis
818 3496 980 3564 uocabulis
1004 3499 1147 3584 grassata
1169 3498 1226 3563 est.
1261 3513 1341 3578 quae

212 3600 415 3666 correctiones
448 3619 520 3666 cum
551 3601 669 3666 nullius
704 3601 769 3667 fere
803 3602 957 3667 momenti
989 3602 1065 3685 sint,
1101 3619 1140 3666 ns
1172 3601 1240 3667 sine
1272 3601 1341 3666 nllo

212 3706 370 3770 commodo
408 3703 615 3770 adnotationis
652 3705 777 3771 criticae
808 3705 1020 3789 perspicuitati
1053 3703 1225 3782 efficerem,
1262 3703 1339 3788 quid

211 3825 322 3872 manus
358 3807 460 3889 prima
494 3807 652 3874 exhiheret
689 3827 725 3874 ex
762 3809 841 3874 meis
878 3809 1097 3876 collationibus
1134 3826 1228 3891 quarn
1264 3807 1339 3874 dili·

210 3909 395 3994 gantissime
416 3911 576 3976 enucleare
608 3913 729 3988 studui,
762 3913 984 3999 corrigentium
1006 3911 1182 3979 tentamina
1202 3929 1285 3977 uana
1306 3913 1340 3976 et

210 4014 298 4080 naria
318 4014 369 4078 bic
390 4014 458 4080 illic
480 4013 610 4098 neglexi.
643 4019 681 4082 ad
704 4018 949 4100 cognoscendam
970 4021 1076 4082 autam
1098 4033 1204 4082 ueram
1224 4015 1337 4083 codicis

211 4119 397 4201 scripturam
425 4118 506 4185 libor
535 4119 688 4201 quondum
718 4119 1059 4198 claromontanus,
1097 4120 1151 4203 qui
1180 4137 1241 4185 non
1271 4119 1338 4185 sine

210 4240 321 4306 magno
350 4221 456 4288 labora
484 4222 517 4288 in
543 4221 733 4291 bibliotheca
763 4224 1005 4308 locupletissima
1033 4223 1173 4290 Thomas
1200 4223 1338 4307 Phillips

211 4323 484 4393 Gbaltenhamensi
505 4327 650 4393 inuentus
673 4331 729 4411 est,
752 4327 806 4394 lol.
825 4329 869 4395 90
889 4345 968 4394 saec.
991 4326 1053 4392 XII
1076 4347 1122 4392 nr.
1148 4327 1231 4393 lllb
1247 4322 1338 4414 [508]
