2934 4934
279 414 322 482 90
631 405 746 480 liugni
764 408 891 464 Felicis
909 408 1036 464 linnodi

279 603 503 670 taciturnitatis
530 598 726 679 indumento,
755 594 813 665 hoo
835 598 873 665 ad
895 596 1103 665 defensionum
1133 596 1286 681 integram
1308 598 1386 679 qnod

278 706 412 792 praetuli
434 708 614 791 conputabo.
637 704 691 771 sed
713 720 816 770 amore
830 702 1013 785 prouocatus
1036 700 1218 783 epistulares
1240 700 1388 767 orminos

278 808 503 877 inconsiderate
523 808 708 891 loquacitate
730 804 919 870 transcendi.
946 802 1027 881 nale,
1050 800 1095 868 mi
1110 802 1241 884 domine,
1264 803 1314 870 cui
1335 802 1387 867 bo·

277 930 382 978 norem
405 909 550 977 exhibens
573 908 742 976 salutantis
763 906 899 991 probabo
921 906 1051 990 quidde
1072 904 1207 988 epistula
1228 924 1297 972 mea
1319 922 1386 971 seu·

276 1015 413 1081 tias'ant
435 1008 648 1079 taciturnitate
670 1012 724 1077 aut
746 1008 911 1093 scriptione
931 1008 1109 1093 multiplici.
1405 1027 1419 1068 ι

780 1196 879 1262 XXV.

635 1327 818 1389 svuunqu
837 1324 1028 1388 ausonius,

317 1457 502 1524 luctatione
523 1472 583 1523 uon
598 1473 664 1523 esse
684 1457 767 1539 apud
782 1474 838 1520 uos
852 1454 987 1539 gratiam
1001 1455 1102 1537 potest
1116 1453 1170 1536 qui
1184 1452 1244 1519 fide
1258 1453 1384 1521 enudus

274 1560 324 1627 ost
340 1560 520 1625 aestimare:
543 1558 614 1625 uolo
628 1560 734 1623 tanuen
748 1557 788 1623 ad
802 1556 984 1641 diligentiae
999 1556 1210 1623 testimoninm
1224 1554 1383 1641 prorogari

274 1660 480 1744 frequentiam
505 1660 699 1739 litterarum,
730 1679 771 1725 no
804 1660 928 1725 suimus
962 1660 1000 1725 de
1027 1657 1161 1725 amantis
1182 1659 1385 1740 prosperitate
1395 1673 1419 1712 1⁰

273 1764 434 1843 solicitus,
450 1762 525 1829 dum
539 1763 622 1829 salus
645 1762 678 1827 iu
700 1762 874 1829 ualitudine
889 1767 946 1841 eet,
961 1761 1184 1847 suspicionibus
1206 1759 1385 1827 neutiletnr.

272 1882 345 1931 ecce
365 1864 469 1946 babes,
490 1866 536 1930 mi
556 1860 690 1945 domiuo,
713 1866 796 1931 undo
817 1866 1014 1932 serenitatem
1035 1864 1168 1949 pectoris
1190 1864 1253 1929 mei
1276 1882 1312 1931 ex
1334 1866 1385 1930 de·

272 1966 378 2033 siderii
398 1967 571 2050 proditione
594 1984 766 2051 cognoscas
809 1968 916 2033 adesto
935 1966 1077 2053 partibus
1098 1966 1162 2033 tuis
1183 1968 1216 2031 et
1236 1965 1320 2033 sicul
1336 1984 1385 2031 me

272 2068 417 2151 imperati
430 2070 566 2135 muneru
585 2071 800 2155 praerogatiua
813 2071 970 2149 sublimat,
992 2072 1037 2136 ita
1058 2087 1113 2137 uos
1135 2067 1266 2135 exhibiti
1281 2070 1385 2157 gratia

272 2174 420 2237 sermonis
440 2172 577 2257 abollst.
599 2190 671 2257 orgo
693 2173 827 2239 solum
841 2172 1014 2240 debendam
1028 2173 1196 2239 restituens
1211 2188 1331 2255 precor,
1350 2174 1418 2235 utu

272 2272 347 2355 quid
366 2278 545 2357 promoueot
572 2276 604 2340 iu
627 2295 677 2342 me
699 2275 885 2341 desiderium
908 2278 998 2343 tunm
1020 2277 1078 2342 sub
1099 2274 1321 2355 cuiuscumque
1344 2273 1384 2339 si·

272 2374 478 2458 gnficatiouis
500 2375 582 2443 nube
605 2375 764 2444 dilucides.
788 2380 866 2443 nale.

771 2557 886 2628 XXVI.

653 2699 789 2756 sunno
809 2698 999 2757 nunonrvs.

312 2816 416 2884 Adest
440 2816 626 2903 magnitude
653 2824 709 2885 tue
736 2820 877 2903 pertibus
906 2820 972 2886 suis
1001 2825 1032 2886 et
1052 2823 1168 2889 aberit
1186 2822 1420 2905 splendorem

268 2920 433 3003 murcie
464 2922 640 2989 testimonio
668 2924 824 3005 puritatis
861 2924 1023 2991 mutuum
1045 2926 1183 2991 nescim
1213 2923 1267 3010 pbr
1290 2927 1383 2993 corda

269 3026 417 3103 deserere,
445 3025 623 3108 religiosam
645 3024 845 3110 diligentium
865 3042 953 3093 mens
975 3045 1123 3110 generose
1143 3028 1291 3095 custodit.
1327 3048 1382 3113 ge-

266 3126 354 3191 ntius
380 3139 452 3209 erpo
480 3126 549 3193 luce
565 3127 723 3211 sulgmde
752 3128 869 3210 scriptu
900 3128 1036 3215 suscepi,
1068 3130 1144 3196 dum
1165 3132 1246 3215 quod
1273 3136 1383 3215 peotes

268 3232 409 3294 eandum
437 3230 570 3313 repperit
599 3234 723 3298 dexbra
750 3251 859 3298 serena
885 3234 1031 3318 signauit.
1071 3236 1161 3299 deum
1194 3252 1315 3317 precor,
1347 3240 1384 3299 ut

316 3466 335 3521 2
360 3464 461 3535 pretuli
485 3462 596 3523 BLTV
693 3470 847 3539 epistulsiis
869 3471 905 3537 Β,
920 3472 1085 3545 ¹epistolaris
1109 3471 1226 3529 ΜΨ
1326 3477 1384 3527 ter·

266 3552 355 3605 minue
372 3551 401 3605 B
499 3553 517 3607 4
533 3552 645 3609 alunt
661 3555 708 3609 ael
724 3556 897 3611 ”tutationis
913 3554 978 3623 fort.
1136 3614 1139 3619 .

316 3652 398 3711 XXV.
433 3653 658 3725 lcopeustiel'
756 3660 859 3728 8apud
877 3675 925 3715 uos
942 3674 995 3715 uon
1013 3674 1069 3715 esse
1086 3660 1167 3716 Sim.
1272 3661 1304 3715 10
1322 3662 1383 3717 cui·

263 3754 327 3795 mus
342 3752 378 3794 ec
393 3752 497 3794 smnus
513 3739 541 3795 Ia
640 3744 672 3797 11
689 3743 884 3815 suspitionibus
900 3744 956 3800 Μ’
1051 3744 1084 3801 13
1101 3743 1265 3815 part-stibus
1282 3744 1310 3803 L

264 3823 505 3881 rueYatsat
602 3827 889 3899 ltinpetretids'm.
973 3830 1187 3901 prerogutiuuB
1284 3832 1382 3889 lode-

264 3910 376 3967 bondasn
397 3909 429 3966 o·
451 3908 570 3967 debitum
590 3913 615 3968 1¹
635 3928 706 3972 corr.
723 3919 796 3971 Μ)
897 3917 928 3971 17
955 3916 1086 3973 delucides
1113 3916 1141 3973 Β
1241 3916 1302 3973 uelo
1327 3934 1381 3975 ose.

313 4099 906 4171 nvl.1seplaeoteessessson.d
1007 4108 1310 4165 mundiusuuieuoB

261 4184 414 4240 soreos
512 4187 771 4258 mamimus
870 4192 1063 4251 2‘dluoeasl'¹
1165 4193 1309 4263 suscipiB

261 4303 295 4358 se
312 4278 454 4375 nissen
