2934 4934
463 411 700 482 Epistularum
721 409 813 465 liber
828 408 877 465 VI.
1174 409 1236 477 155

113 599 256 685 quamuis
278 600 459 668 innoeeutia
479 619 574 685 quam
597 600 711 668 ionetis
726 600 936 667 indesinentes
955 618 1010 683 pro
1032 598 1125 666 nobie
1140 598 1235 665 duest

113 704 269 785 ermbiae,
298 704 431 789 obligati
457 706 565 780 tumen
593 703 752 783 benefieiis
780 704 893 771 uestris
914 721 975 774 uon
997 703 1128 789 posenni
1158 722 1235 787 quoe

110 826 163 893 pro
178 798 269 874 uobis
285 810 342 874 deo
357 808 474 875 debent
487 808 564 873 uota
578 806 780 892 conprimere,
804 806 878 890 quia
895 825 951 892 pro
966 805 1102 890 inpensis
1116 806 1235 892 gratiae

109 927 168 976 uon
198 911 314 977 referre
342 914 375 977 et
403 913 479 978 deus
511 913 544 977 iu
575 929 667 977 earne
689 912 878 977 constitutus
900 908 1068 975 exhorruit
1111 908 1236 974 utinam

90 1013 234 1080 stantum
254 1014 396 1079 ualerem
418 1032 474 1098 pro
496 1014 589 1080 rebus
611 1011 779 1080 uerborum
794 1013 942 1089 tribuere,
964 1017 1117 1097 quantum
1135 1012 1233 1077 sentio

108 1135 156 1182 me
178 1116 312 1201 debere!
335 1116 515 1195 distamen,
539 1119 619 1203 quod
641 1117 792 1183 adoliam
812 1115 989 1182 mercedem
1003 1118 1143 1182 uestram
1165 1135 1235 1199 per-

108 1220 217 1299 tineat,
233 1239 400 1305 suggerere
414 1238 476 1286 non
492 1219 614 1299 omitto,
629 1222 666 1283 ut
682 1222 811 1297 eertum
827 1237 921 1302 quam
932 1219 967 1285 iu
982 1236 1076 1284 eausa
1087 1218 1236 1285 Laurenti

107 1322 255 1388 tabularii
271 1320 429 1389 tomensis
443 1322 572 1401 feristis,
587 1323 741 1405 inpletam
756 1320 836 1387 mihi
852 1320 1024 1387 transmitti
1047 1320 1180 1389 iubentis
1203 1323 1235 1387 et

107 1443 160 1506 pro
182 1424 241 1491 illa
263 1443 356 1491 oaeos
377 1425 524 1505 muliere,
549 1443 642 1508 quum
664 1424 824 1492 Martinus
847 1425 1016 1491 oouduotor
1039 1425 1077 1490 de
1098 1423 1235 1491 Modicia

77 1549 99 1588 ιο
108 1526 267 1612 obprimit,
290 1531 415 1597 oomitis
437 1530 620 1615 patrimonii
641 1532 764 1597 litteras
790 1528 926 1601 tollatis,
956 1527 1068 1612 quibus
1091 1526 1236 1594 iubentur

107 1633 187 1714 qnod
204 1634 233 1698 ei
248 1631 381 1699 abstulit
396 1633 589 1718 mauoipium
605 1633 672 1699 sine
687 1632 836 1699 dilatione
854 1631 1034 1712 reformare,
1058 1630 1131 1715 quia
1153 1630 1233 1713 quod

106 1734 320 1818 inpraesenti
341 1736 376 1802 iu
398 1736 555 1803 mandatis
577 1734 699 1819 aooepit
721 1736 823 1801 faeere
846 1752 902 1818 pro
918 1734 1035 1801 rustiea
1056 1735 1234 1801 tomeritate

108 1838 290 1905 contemnit

579 2026 698 2095 .x1.

76 2188 99 2229 1⁵
492 2182 679 2239 nudemus
699 2183 845 2242 mmm.

146 2304 296 2389 Digresso
326 2305 365 2370 de
390 2303 614 2371 Mediolanensi
642 2306 721 2371 urbe
756 2306 913 2373 eommuui
947 2306 1073 2371 domino
1106 2305 1173 2371 solu
1200 2305 1233 2373 in

106 2406 316 2474 oousolatioue
337 2412 555 2474 remansomut
576 2408 694 2475 solooia
714 2409 913 2486 litterarum,
937 2410 1011 2493 quia
1034 2410 1108 2474 dum
1131 2426 1233 2476 sermo

105 2510 143 2575 ad
171 2528 230 2576 uos
258 2510 425 2595 dirigitur,
455 2511 562 2596 aliqua
589 2513 782 2595 praesentiae
812 2514 935 2579 uestrae
964 2511 1126 2578 desideriis
1153 2511 1235 2577 meis

104 2611 210 2697 imago
239 2612 410 2679 blenditnr.
456 2618 536 2697 qnod
566 2618 639 2680 etr
666 2615 756 2681 uobis
782 2615 904 2681 domnis
933 2615 1027 2690 meis,
1061 2615 1098 2681 ut
1127 2613 1235 2679 erebro
1320 2606 1325 2615 ’

74 2714 237 2799 esuristis,
260 2733 397 2799 expuam,
421 2717 594 2802 eogitautes
616 2717 793 2785 absentiam
815 2721 954 2784 uestram
976 2718 1035 2783 hoo
1056 2718 1121 2783 eolo
1142 2734 1231 2803 posse

104 2818 295 2885 adsiduitate
315 2820 472 2888 sustineri.
496 2819 633 2886 habeant
653 2821 828 2886 felioieeimi
849 2822 989 2887 uotiuam
1011 2822 1231 2903 praesentium,

104 2919 181 2987 mihi
205 2922 323 2987 delie'oa
347 2941 419 2989 mee
451 2924 603 3009 rogitanti
626 2924 803 3009 epistularis
825 2940 899 2989 euru
925 2922 1070 2990 suffioiet
1107 2922 1232 2989 domine

103 3024 163 3104 mi,
196 3025 333 3090 salutem
364 3028 556 3092 uberrimam
589 3026 695 3093 diosus
727 3044 850 3110 preoor,
890 3028 928 3092 ut
958 3030 991 3092 et
1022 3042 1076 3110 per
1107 3026 1234 3092 suuetos

105 3126 154 3191 dei
186 3146 245 3211 pro
277 3147 329 3194 me
360 3147 469 3212 preoee
502 3128 632 3195 fundere
665 3130 796 3195 minime
829 3128 1004 3209 desistotis,
1039 3130 1072 3197 et
1105 3129 1231 3196 domiuo

73 3230 219 3312 agratius
241 3230 369 3311 rotome,
398 3231 486 3298 onius
515 3233 597 3299 eirea
618 3253 669 3300 me
696 3230 847 3299 beneficia
869 3234 964 3300 etiam
994 3235 1152 3317 insperata
1172 3234 1232 3298 tri·

103 3329 252 3399 bunntur.

151 3572 170 3627 2
187 3572 322 3628 benidoiis
338 3572 367 3629 Β
460 3572 544 3629 tideo
566 3574 627 3631 Vs.
643 3576 662 3631 1.
758 3574 926 3633 iexaorruit
944 3571 971 3629 L
1061 3574 1231 3631 btribuaere

102 3658 129 3712 L
241 3659 258 3713 7
287 3671 399 3731 suggere
426 3660 454 3717 L
564 3661 582 3715 8
606 3661 727 3716 tabulari
753 3660 880 3717 Bnnvo
993 3660 1132 3731 comensis]
1160 3677 1231 3717 eoru·

101 3744 192 3799 missis
208 3746 224 3801 b
242 3751 269 3803 ct
282 3746 447 3803 eirene.
465 3747 493 3802 Β
595 3748 612 3801 9
629 3746 746 3802 modioia
762 3746 838 3803 BVb
858 3750 897 3817 (et
914 3747 955 3803 eto
977 3748 1059 3817 Oorp.
1079 3748 1161 3804 ierem.
1181 3746 1230 3803 lot.

105 3829 132 3882 V
149 3847 194 3888 rer.
213 3834 303 3901 5712),
329 3832 445 3889 moditis
469 3832 527 3890 Μ’
628 3832 663 3888 10
684 3834 837 3903 obprsemit
861 3832 901 3900 B,
928 3832 1039 3903 oprimIt
1063 3832 1089 3887 T
1189 3833 1230 3887 iu-

101 3913 190 3971 bearis
209 3918 236 3973 Τ
251 3924 278 3973 et
292 3919 359 3985 fort.
381 3920 417 3975 V¹
519 3922 554 3976 13
571 3922 738 3990 oontempuit
754 3918 839 3975 LTV

150 4036 201 4093 XI.
236 4039 270 4094 19
287 4039 392 4097 domnis
409 4039 450 4109 Β,
476 4040 595 4097 dominis
611 4040 706 4098 LTVt
810 4041 845 4096 20
864 4040 914 4123 heo
931 4040 988 4105 Bt,
1014 4037 1064 4095 hoe
1081 4037 1165 4095 LTV

100 4156 132 4213 21
158 4159 332 4216 adriduetato
359 4160 388 4215 Β
495 4162 628 4217 sustinere
656 4162 692 4218 V¹
803 4134 905 4217 habent
932 4160 959 4216 Β
1070 4157 1105 4213 22
1132 4156 1231 4213 dileota

100 4242 151 4299 Ro
242 4245 276 4301 23
292 4246 362 4301 mihi
379 4246 465 4303 BLV
547 4263 653 4318 prssoor
669 4249 698 4304 Β
783 4250 811 4303 et
828 4262 878 4304 ooo
896 4248 912 4303 t
1005 4246 1039 4301 24
1056 4245 1108 4315 dei]
1128 4242 1232 4299 domini

101 4329 118 4383 b
204 4345 295 4402 presse
311 4333 340 4388 Β
425 4334 534 4389 domino
552 4334 568 4389 t
661 4335 696 4391 25
713 4334 811 4391 referte
829 4334 912 4391 Siron.
999 4331 1133 4402 inspirata
1149 4330 1178 4385 Β
