2934 4934
437 400 671 469 Epistularum
695 399 784 454 liber
801 400 840 455 11.
1159 402 1199 467 61

81 589 172 654 illum
204 597 388 655 conuertens
411 589 479 655 stili
511 590 573 655 mei
600 589 739 668 cultum,
777 591 847 674 qui,
878 588 1018 673 quotiens
1041 588 1203 657 scribenda

81 697 126 756 est
147 693 258 759 infelix
281 694 383 758 curuis
405 698 489 758 terra
511 694 704 771 uomeribus,
742 712 775 758 se
808 692 935 758 famulis
963 694 1028 759 suis
1062 695 1202 778 germina

30 848 34 852 .
80 795 278 861 conlaturam
299 797 456 880 promittit
479 815 560 874 esso,
584 815 662 879 quae
684 797 811 875 iaciant,
835 796 983 862 diceudo:
1016 815 1077 861 non
1100 798 1203 880 eogi-

79 899 181 962 tetis
217 898 311 979 qnid
339 898 573 981 loquamini:
611 902 723 982 pater
752 899 1015 965 enimuester
1043 904 1102 964 est
1138 900 1202 983 qui

61 1001 261 1082 aloquitur
282 1002 323 1065 in
344 1000 465 1067 uobis.
490 1002 556 1084 ipse
579 1021 654 1087 ergo
675 1003 715 1067 ad
738 1002 932 1068 sanciendam
955 1003 1097 1085 promissi
1120 1003 1202 1069 oeri-

79 1105 183 1169 tatem
208 1103 314 1168 uenbt
343 1105 463 1187 etipse
486 1106 548 1170 oris
570 1106 632 1169 mei
653 1104 815 1170 labantem
844 1104 1005 1171 confirmet
1027 1106 1202 1184 infantiam,

79 1209 117 1271 ut
137 1208 358 1273 alucinationis
386 1214 508 1274 nostras
537 1207 736 1275 concinnatio
766 1226 825 1274 non
856 1209 1027 1275 inhumano
1048 1209 1202 1275 uideatur.

79 1312 132 1376 sed
154 1310 233 1391 quid
262 1310 315 1375 diu
337 1311 514 1393 replicanda
542 1312 796 1393 circumloquor?
833 1330 930 1377 unum
957 1330 1052 1397 rogo,
1092 1314 1128 1377 ut
1149 1331 1203 1395 pro

80 1412 208 1479 modulo
230 1431 300 1479 meo
322 1416 474 1498 rescripta
502 1417 647 1503 taxentur
668 1433 724 1481 nec
748 1417 876 1499 putetur
905 1419 958 1481 aut
987 1415 1051 1501 logi
1074 1420 1128 1481 aut
1150 1418 1205 1483 de·

52 1517 215 1584 niensioni
237 1518 344 1582 deesse
367 1518 449 1601 quod
470 1520 582 1587 nescio.
616 1535 700 1602 ergo,
722 1524 758 1583 nt
773 1518 940 1601 scriptione
962 1518 1131 1599 testamini,
1154 1521 1203 1586 in·

80 1624 194 1684 uentus
219 1620 266 1684 est
286 1620 389 1697 bomo,
413 1622 466 1705 qui
489 1639 592 1686 seruos
615 1620 739 1701 Christi,
762 1620 1023 1706 quemadmodum
1044 1620 1111 1706 ipse
1132 1640 1203 1706 pro-

80 1721 168 1787 misit
190 1740 260 1788 essa
281 1722 474 1802 iaciendum,
496 1723 554 1790 sub
578 1725 636 1789 heo
663 1726 822 1792 occasione
851 1726 1021 1806 cribraret,
1059 1726 1203 1792 adserens

82 1827 117 1889 de
139 1824 267 1891 arbitrii
281 1826 428 1891 libertate
442 1828 561 1893 homiui
578 1828 610 1892 iu
625 1845 689 1894 una
710 1829 836 1893 tautum
857 1828 956 1913 parte,
980 1847 1056 1912 quae
1071 1827 1204 1893 deterior

82 1931 137 2011 est,
153 1928 293 2011 eligendi
305 1930 410 1995 datam
422 1948 486 1995 esse
496 1930 682 1995 licentiam?
700 1949 717 1995 o
733 1930 943 1995 scismatioam
954 1931 1203 2014 propositionem,

52 2050 158 2113 requae
181 2035 269 2097 iuxta
291 2034 490 2117 apocalypsin
513 2033 644 2115 scriptas
668 2031 762 2098 habet
785 2033 818 2097 in
846 2033 950 2099 fronte
977 2034 1204 2119 blasphemias!

82 2154 159 2216 quae
181 2136 247 2200 ista
260 2135 390 2200 libertas
412 2137 470 2215 est,
493 2135 520 2201 si
536 2136 631 2215 ualet,
655 2134 819 2219 edisserat,
843 2136 896 2202 ubi
914 2138 973 2202 hoo
995 2140 1088 2203 datur
1103 2139 1204 2205 solum

82 2238 162 2303 uelle
186 2238 270 2320 quod
292 2238 416 2321 puniat,
440 2240 495 2304 aut
518 2258 611 2324 quare
634 2239 815 2305 electionem
839 2241 1000 2320 nominet,
1035 2242 1088 2307 ubi
1110 2261 1203 2307 unam

83 2345 207 2407 tantum
237 2345 359 2423 partem
382 2342 498 2407 adserit
529 2343 625 2408 fuisse
659 2346 860 2408 concessam?
905 2344 987 2428 quod
1018 2344 1045 2409 si
1072 2346 1205 2411 ueritate

84 2444 282 2522 subsisteret,
305 2448 409 2510 locum
426 2445 533 2511 diuina
548 2445 663 2511 iudicia
678 2464 738 2511 nou
753 2446 910 2512 haberent.
938 2448 1012 2529 quid
1035 2449 1117 2512 enim
1132 2446 1205 2512 boui

51 2566 103 2611 aa
124 2547 217 2614 nobis
239 2551 316 2614 deus
338 2549 443 2615 noster
464 2551 546 2615 recte
569 2550 745 2633 quaereret,
769 2550 822 2633 qui
845 2551 1056 2633 adpetentiam
1079 2550 1144 2617 eius
1167 2552 1204 2615 ds

85 2652 248 2716 uoluntate
270 2651 489 2717 subtraxerat?
510 2653 563 2718 sed
585 2654 673 2719 iuxta
695 2654 885 2737 apostolum:
917 2654 1110 2737 numquid
1133 2654 1204 2719 ini·

84 2773 179 2835 quus
205 2756 328 2820 deus?
350 2756 464 2822 absit.
495 2756 522 2821 si
537 2759 619 2822 inter
634 2758 772 2824 homiues
788 2778 806 2824 a
821 2759 900 2823 recti
917 2757 1071 2823 discordet
1094 2756 1206 2822 effectu

84 2857 137 2937 qui
158 2876 178 2922 a
200 2856 351 2923 subiectis
375 2859 472 2943 erigit
494 2862 574 2942 quod
597 2862 629 2925 in
662 2861 815 2943 potestate
837 2879 897 2927 uou
920 2859 1047 2936 tribuit,
1081 2859 1139 2923 hoc
1167 2858 1205 2925 de

84 2960 139 3021 deo
161 2978 226 3044 qua
248 2959 440 3026 couscientia
461 2963 612 3027 sentiatur
635 2962 800 3028 aduertite.
824 2962 879 3027 nbi
903 2967 950 3029 cst
971 2962 1051 3027 illud
1073 2962 1205 3043 apostoli

52 3060 254 3129 aelementis
276 3067 307 3127 et
328 3082 383 3146 pro
406 3063 531 3129 arbitrii
552 3065 698 3131 libertate
720 3066 885 3131 testantis:
919 3064 1032 3137 nelle
1054 3063 1206 3131 adiacet

85 3165 195 3245 mihi,
230 3166 429 3248 perficere
457 3170 588 3234 autem
621 3187 697 3235 nou
725 3168 914 3235 inuenio?
951 3168 1026 3253 quid
1049 3171 1097 3235 est
1120 3168 1205 3235 aliud

187 3368 320 3422 3llattln
340 3369 432 3435 10‚20
534 3368 718 3439 15111111.
739 3372 812 3439 17,5
914 3373 946 3426 21
966 3372 1026 3428 Gal.
1046 3374 1120 3439 2,1r

85 3453 121 3506 25
139 3452 210 3509 Rom.
230 3455 306 3521 118

142 3642 218 3710 lqui
236 3642 300 3709 Bb,
324 3656 375 3711 quo
393 3642 501 3697 LPTV
617 3644 634 3697 2
661 3643 763 3714 infelix]
791 3645 894 3699 inflexis
911 3646 976 3713 fort.
992 3646 1164 3701 scribendam
1181 3655 1207 3703 et

85 3728 177 3781 curuis
194 3727 339 3782 &hadom
357 3734 396 3783 eat
498 3731 587 3785 besse
604 3730 743 3801 promittit
759 3732 824 3799 fort.
925 3734 987 3804 non]
1007 3749 1038 3787 ne
1057 3735 1138 3791 Siron.

84 3814 104 3866 -5
122 3815 232 3880 promisi
253 3816 288 3869 T*
399 3816 416 3869 6
438 3817 465 3868 et
482 3832 531 3870 om.
551 3817 633 3872 Sirm.
744 3818 761 3873 8
785 3835 921 3875 unumne·
939 3821 967 3874 B
1077 3823 1093 3875 9
1117 3822 1206 3876 deien-

86 3898 164 4016 sion}
183 3932 209 3985 r
302 3936 445 3988 ruamus
463 3936 492 3989 Β
594 3938 626 3991 12
643 3911 743 3992 arnus
764 3938 791 3993 V
891 3941 923 3995 13
940 3942 957 4009 u
976 3956 1008 3995 ee
1025 3940 1142 4011 quoru

86 4036 124 4088 15
141 4038 309 4106 apocalipsim
330 4038 360 4103 T,
387 4037 459 4107 apud
475 4040 608 4109 calypsem
625 4042 654 4095 B
748 4042 900 4096 blasfemias
919 4042 974 4099 BP
1076 4045 1109 4100 l'l
1127 4062 1206 4103 unam

90 4120 119 4174 V
134 4120 166 4174 in
180 4136 234 4177 raa.
344 4123 594 4182 samosatenis
695 4126 730 4180 22
748 4128 771 4181 si
789 4128 894 4194 addidi,
912 4144 962 4184 om.
982 4130 1138 4187 BLPTVb

83 4206 205 4261 hominis
221 4225 256 4264 ee
271 4210 397 4265 humanis
414 4210 442 4263 Β
531 4212 670 4283 23111311
688 4214 716 4267 B
801 4217 963 4283 potestatem
984 4216 1010 4269 T
1093 4218 1206 4275 24101-

84 4293 229 4348 scientiem
245 4294 272 4350 L
358 4296 554 4383 sentiantan
636 4300 833 4356 borussiae
917 4302 951 4356 26
968 4304 1091 4372 prolicere
1110 4306 1172 4359 PT¹
