2934 4934
218 379 284 446 284
578 375 693 444 Magni
711 373 839 429 Felicis
860 371 992 428 Eunoni

218 567 388 634 humilium
420 564 561 632 scintilla
584 581 779 632 sermonum:
809 565 886 630 haec
906 580 957 628 me
978 560 1117 629 condicio
1140 561 1282 645 resignat
1304 561 1353 627 in·

218 687 338 754 parem,
363 687 441 754 quae
464 671 580 734 testata
602 669 652 732 est
673 667 908 749 obsequentem.

264 788 349 854 Nem
382 789 461 855 illud
484 806 544 872 quo
567 805 618 853 ore
641 786 864 853 celebrandum
897 791 961 866 est,
996 787 1077 870 quod
1101 783 1204 850 Getici
1231 784 1354 849 instru-

219 891 327 958 menta
360 893 493 971 roboris,
529 891 603 958 dum
631 891 779 976 prouidus
807 909 846 956 ne
872 890 1113 975 interpellentur
1140 889 1207 954 otia
1236 890 1353 969 umba,

220 983 357 1061 custodis
380 998 412 1059 et
432 993 551 1077 pubem
572 995 758 1060 indomitam
781 993 840 1058 snb
864 992 963 1059 oculis
984 995 1048 1058 tuis
1067 993 1150 1056 inter
1165 992 1249 1056 bona
1264 995 1353 1056 tran-
1374 1011 1386 1052 a

220 1097 389 1182 quillitatis
419 1097 496 1163 facis
526 1099 610 1163 belle
638 1096 827 1180 proludere?
859 1099 962 1164 adhuc
984 1099 1114 1163 manent
1136 1097 1170 1161 in
1192 1095 1354 1160 soliditate

220 1204 336 1267 uirium
358 1199 502 1266 uictricia
518 1201 645 1285 agmina
662 1205 693 1267 et
708 1200 851 1267 alisiam
867 1203 1047 1265 creuerunt:
1071 1199 1226 1264 durantur
1241 1198 1352 1264 lacerti

218 1303 394 1370 missilibus
406 1304 439 1368 et
450 1305 573 1387 inplent
586 1305 739 1369 actionem
751 1301 891 1383 fortium,
905 1302 979 1369 dum
991 1304 1150 1369 iocentur:
1165 1303 1273 1384 agitm
1283 1301 1353 1367 uice

219 1406 391 1490 spectaculi
412 1407 494 1490 quod
512 1407 652 1490 sequenti
668 1409 808 1490 tempore
822 1405 938 1489 poterit
953 1407 1032 1472 satis
1048 1423 1115 1472 esse
1129 1405 1253 1471 uirtuti.
1278 1405 1353 1469 dum

221 1509 356 1576 amentis
371 1509 544 1592 puerilibus
559 1509 686 1576 hastilia
700 1511 787 1576 lenta
802 1511 998 1592 torquentur,
1022 1510 1098 1574 (lum
1114 1524 1204 1574 arcus
1219 1507 1353 1573 cotidia-
1362 1529 1386 1570 n

219 1630 278 1678 nae
294 1611 433 1695 capitum
448 1630 539 1678 neces
553 1611 677 1697 longius
694 1611 844 1697 dirigunt,
856 1611 943 1678 urbls
956 1629 1047 1677 omne
1062 1613 1237 1695 pomerium
1250 1612 1354 1675 simu·

219 1716 304 1781 lacto
327 1714 556 1796 congressionis
578 1713 748 1781 aduritur:
772 1716 839 1799 agit
860 1714 960 1798 ligura
981 1714 1200 1792 certaminum,
1223 1731 1263 1778 ns
1279 1731 1353 1778 cum

218 1819 357 1901 periculo
387 1836 463 1885 uera
489 1819 667 1884 nascantur.
703 1823 742 1884 ad
772 1813 849 1883 haec
877 1819 947 1900 quis
976 1817 1082 1883 credat
1110 1835 1210 1882 unum
1241 1820 1353 1898 pectus

218 1941 306 2006 posse
329 1921 489 2001 sufficere,
513 1923 549 1988 ut
570 1941 625 2006 per
645 1921 823 2004 procinctus
845 1916 1015 1986 indomitos
1037 1905 1147 1985 uincet
1169 1923 1202 1985 in
1224 1919 1353 2002 proeliis

221 2028 253 2090 et
276 2029 351 2108 agat
374 2023 521 2101 consilio,
550 2043 588 2091 ne
611 2023 780 2091 dimicandi
803 2039 897 2088 causa
919 2023 1105 2106 contingat?
1138 2022 1299 2089 Rutilium
1319 2028 1386 2092 ets

186 2145 191 2152 ¹
220 2125 375 2192 Manlium
399 2129 595 2211 conperimus
618 2125 844 2210 gladiatorium
867 2125 1048 2192 conflictum
1071 2129 1277 2210 magistrante
1299 2145 1355 2209 po-

220 2227 303 2313 pulis
325 2231 522 2312 prouidentia
543 2229 728 2311 contulisse,
761 2230 799 2294 ut
825 2229 911 2296 inter
938 2229 1108 2295 theatrales
1128 2246 1242 2295 causas
1262 2230 1353 2312 plebs

220 2331 368 2400 diuturne
389 2351 464 2417 pace
486 2351 628 2416 possessa
649 2332 725 2417 quid
747 2335 779 2398 in
802 2334 870 2398 acie
883 2334 1045 2416 gereretur
1067 2338 1261 2417 agnosceret.
1297 2335 1353 2398 sul

220 2437 295 2500 tunc
331 2433 452 2500 feriatis
497 2437 640 2503 manibus
681 2436 801 2503 frustra
836 2435 939 2502 seciae
974 2436 1093 2500 mortes
1128 2436 1354 2520 ingerebantur

220 2541 368 2618 aspectui.
407 2555 578 2621 numquam
601 2540 681 2604 bona
702 2538 777 2604 sunt
799 2553 878 2620 quae
900 2537 1124 2604 acruelelitats
1145 2539 1280 2604 ueniunt
1302 2539 1388 2605 iri-n

220 2638 348 2705 stitnta:
384 2641 420 2705 ut
446 2644 644 2706 armarentur
675 2643 785 2707 contra
812 2637 957 2706 inimicos
984 2640 1097 2719 animi,
1115 2644 1216 2725 prins
1244 2641 1354 2708 uidae

220 2741 315 2807 exitia
337 2757 473 2808 suorum.
503 2745 622 2809 interea
644 2745 703 2810 illa
725 2746 913 2828 congressio,
937 2744 1021 2826 quod
1035 2743 1143 2810 docuit
1156 2744 1269 2824 emma,
1292 2763 1355 2811 non

221 2849 289 2909 tam
316 2846 440 2928 peperit
467 2846 659 2913 incrementa
684 2847 789 2912 robori
817 2863 912 2930 quam
940 2846 1066 2928 pauori:
1094 2847 1178 2912 inter
1199 2848 1356 2914 secum

221 2967 270 3014 res
292 2949 405 3014 didicit
427 2949 592 3017 imbellium
607 2952 731 3016 animus
747 2951 823 3032 quid
836 2950 974 3015 timeret
1003 2951 1077 3016 uide
1093 2949 1354 3018 adiuuentionnm

273 3221 441 3290 leignatb
551 3223 653 3293 3quo]
678 3222 750 3292 quod
773 3221 800 3277 L
907 3221 1111 3292 lprnuidlsses
1134 3224 1162 3277 L
1265 3224 1353 3279 inter-

217 3341 378 3414 petatur
462 3345 620 3400 emanue
708 3343 914 3430 rpagmrnar‘
1003 3317 1243 3416 supraponimus
1256 3347 1285 3401 a

220 3445 253 3500 10
279 3448 422 3502 manantis
450 3447 477 3502 B
502 3446 557 3524 aad!
573 3463 634 3516 emp.
657 3463 692 3501 m.
711 3463 765 3503 ree.
783 3464 853 3518 qaue
875 3463 891 3500 a
913 3449 1003 3516 pueris
1020 3464 1043 3504 a.
1062 3449 1080 3504 l.
1098 3450 1224 3518 scripsit5
1253 3449 1318 3506 dum
1336 3469 1354 3506 a

217 3531 307 3602 pueris
325 3531 437 3588 hastilia
449 3533 571 3602 (hostilia
583 3533 610 3602 b)
628 3534 668 3602 tp
755 3532 918 3588 cottidianae
935 3532 963 3588 B
1050 3535 1082 3590 11
1100 3535 1209 3606 longius
1223 3551 1275 3591 one.
1289 3535 1357 3591 ΒΜ

221 3617 278 3673 TV
359 3617 553 3689 dirigunturp
646 3615 679 3674 12
691 3616 864 3675 auertitur?
955 3619 988 3675 13
1000 3636 1063 3675 uero
1076 3619 1157 3676 sares
1244 3622 1281 3677 14
1291 3637 1355 3692 pre·

218 3705 323 3760 cinctus
335 3707 393 3773 (pro
404 3720 425 3760 e.
439 3705 456 3760 l.
469 3721 505 3760 aa.
516 3709 545 3771 Β)
562 3705 592 3772 Τ,
619 3705 771 3774 procinctos
783 3703 810 3760 B
824 3709 869 3774 (en.
881 3707 946 3772 rec)
963 3705 979 3760 b
1073 3706 1222 3762 indomitus
1238 3705 1285 3762 Bb

219 3791 252 3845 le
270 3791 407 3861 contingit
425 3791 456 3857 Τ,
481 3791 604 3861 contigat
621 3791 649 3845 B
734 3790 849 3846 rutilnm
867 3790 931 3861 LV,
953 3793 1082 3848 ruttilum
1104 3794 1130 3848 Τ
1214 3793 1248 3849 16
1264 3795 1355 3850 mani·

217 3876 285 3930 lium
304 3875 331 3934 Τ
422 3875 603 3946 gladiatorum
622 3877 649 3932 L
746 3879 779 3933 17
797 3879 956 3934 eonmliseet
972 3880 1000 3935 B
1094 3875 1238 3936 theatralis
1254 3881 1283 3935 B

217 3961 352 4032 pblesL·
440 3963 475 4018 18
498 3964 622 4018 acch
724 3964 1097 4035 gerireturB,geneturL
1202 3966 1355 4022 lilmertia

217 4047 375 4116 mamm
393 4050 483 4104 sancia
494 4049 669 4116 mortissort.
751 4049 1104 4121 ingembmturB¹eouta.
1192 4051 1355 4108 absalm-

216 4135 276 4188 tate
293 4131 320 4188 L
423 4125 457 4190 m
482 4138 577 4190 eenma
596 4134 622 4188 Τ
636 4134 668 4190 ia
684 4149 740 4191 rue.
758 4137 791 4190 ise
806 4149 858 4207 top.
885 4156 888 4165 ·
962 4137 1067 4191 animae
1083 4137 1121 4201 D,
1148 4137 1264 4192 animati
1280 4139 1355 4193 cosi.

219 4219 353 4286 mos,
372 4221 473 4276 alumni
490 4238 511 4290 p
563 4232 566 4241 ’
606 4221 641 4276 28
654 4219 747 4277 rubori
759 4222 787 4277 B
873 4222 925 4278 iter
942 4223 970 4279 L
1055 4221 1195 4293 emundas]
1213 4223 1294 4278 sol'aa
1309 4224 1354 4289 Π,

217 4309 319 4361 cateno
337 4303 367 4359 D
468 4307 503 4362 24
520 4301 622 4362 tiabat
639 4305 667 4362 Β
771 4305 841 4377 quoti
858 4323 878 4378 p
982 4309 1209 4365 adinueatiunum
1228 4309 1256 4366 L
