2934 4934
226 326 289 395 136
583 324 697 394 Magni
715 323 843 379 Felicis
862 322 992 377 llunodi

222 516 461 603 praeteritorum
483 520 585 596 tenax,
608 533 727 582 memor
751 514 970 599 praesentium,
993 512 1126 596 prudens
1150 512 1259 591 futuri,
1282 530 1356 595 per·
1444 552 1445 557 =

222 621 355 687 latorem
387 638 442 703 pro
471 637 541 684 mea
569 617 838 684 commendatione
871 616 1030 699 suscipiat,
1066 620 1097 681 et
1125 616 1178 697 qui
1207 616 1267 681 orit
1300 633 1356 699 per

222 724 375 790 uisionem
391 727 531 789 uestram
544 723 699 789 scribente
720 721 842 788 felicior
864 718 1124 805 peregrinationis
1140 736 1201 784 non
1215 717 1357 801 patiatur

224 826 358 892 aduersa
373 826 497 892 sentire.
522 826 644 890 domine
660 825 716 909 mi,
740 824 880 891 debitum
904 822 1071 888 seruitium
1086 822 1218 888 reddens
1234 839 1354 903 precor,

222 929 260 994 ut
281 930 331 994 uel
365 929 522 1012 perhanc
545 927 756 1007 occasionem,
789 946 851 1010 qua
878 926 965 992 illinc
998 924 1163 991 Parteuius
1192 927 1391 1009 susceptare

222 1034 341 1115 poterit
362 1035 491 1117 paginas
514 1031 680 1109 destinare,
707 1030 874 1096 desiderati
896 1029 1122 1111 multiplicetur
1149 1027 1250 1094 forma
1282 1046 1356 1094 con·

222 1135 331 1218 loquii.
743 1230 744 1233 Ἴ

743 1271 834 1336 ΧΙΙΙ.

576 1406 760 1465 ΕΝΝΟΒΠὸ
780 1406 999 1464 adamabat.

264 1530 388 1598 Scimus
409 1532 548 1616 religiosi
571 1535 767 1597 sacramenta
799 1531 947 1614 propositi
981 1529 1021 1594 ab
1055 1528 1184 1594 obnoxia
1215 1527 1389 1610 peccatism

221 1634 425 1700 multitudine
458 1635 637 1701 innocentia
666 1637 697 1700 et
725 1634 786 1699 fide
809 1634 946 1716 separari
976 1636 1008 1697 et
1031 1632 1141 1697 titulos
1164 1630 1355 1698 uenerabilis

221 1736 317 1802 officii
339 1756 442 1803 mores
464 1737 570 1820 potius
592 1738 743 1821 insignire
766 1754 861 1819 quam
883 1753 1019 1819 corpora.
1050 1735 1118 1820 quie
1140 1735 1258 1799 bonum
1282 1752 1354 1799 con-

221 1840 368 1906 scientiae
390 1840 474 1905 inter
496 1840 638 1906 homines
660 1843 799 1923 quaerat,
824 1838 852 1904 si
874 1838 983 1905 mundi
1005 1837 1185 1903 adhibenda
1207 1838 1254 1902 est
1273 1840 1356 1903 circa

220 1944 407 2026 pontificum
428 1947 550 2010 statuta
564 1943 744 2025 necessitas,
767 1944 795 2007 si
816 1942 1014 2008 sacerdotum
1036 1941 1198 2023 promissio
1216 1943 1355 2006 circum·

220 2050 327 2128 specta
348 2046 491 2113 <audone
517 2048 719 2113 semabitur?
741 2048 919 2129 {numquam
947 2046 1060 2110 habuit
1087 2045 1120 2110 in
1143 2044 1257 2110 affectu
1280 2062 1389 2110 con-1⁵

221 2147 375 2214 stantiam
398 2150 447 2214 cui
470 2149 571 2216 facere
592 2150 678 2215 aliud
701 2150 740 2214 de
762 2147 987 2232 pollicitatione
1010 2166 1072 2213 non
1095 2146 1196 2213 licuit.
1234 2148 1354 2213 saeculi

221 2252 415 2317 conuersatio
447 2251 554 2336 legum
576 2254 663 2318 metu
696 2252 864 2317 retinetur:
899 2250 950 2316 dei
977 2250 1110 2316 famulos
1133 2252 1215 2333 quod
1237 2250 1355 2317 bonum

221 2355 268 2420 est
288 2354 432 2420 exhibere
459 2356 604 2420 conuenit
632 2372 694 2420 non
716 2354 876 2421 formidini
902 2354 957 2419 sed
987 2356 1094 2419 amori.
1133 2353 1254 2419 dudum
1277 2353 1354 2419 dum
1371 2360 1391 2396 Α

220 2456 310 2522 nobis
324 2461 428 2524 metus
450 2458 584 2524 instaret
605 2460 637 2522 et
660 2461 699 2525 de
714 2456 882 2523 clementia
895 2456 940 2539 pii
962 2456 1044 2541 mgis
1058 2456 1152 2523 dubio
1167 2456 1354 2522 meritorum

221 2560 439 2627 aestimatione
461 2561 663 2643 penderemus
684 2562 812 2639 incerto,
846 2561 979 2628 camelos
1000 2561 1123 2625 nostros
1155 2562 1205 2623 tot
1234 2560 1388 2626 dandosro

220 2663 335 2729 domno
367 2681 465 2749 papae
496 2665 555 2730 tali
582 2664 777 2731 reuerentiae
805 2665 926 2731 uestrae
955 2662 1133 2729 condicione
1155 2662 1352 2741 tradidimus,

219 2770 272 2845 ut,
294 2769 323 2832 si
344 2768 433 2834 nobis
457 2768 609 2835 animalia
629 2767 697 2851 ipsa
718 2786 782 2832 non
805 2770 908 2833 essent
936 2768 1123 2850 necessaria,
1153 2767 1274 2831 iustum
1295 2784 1353 2850 pro

219 2868 297 2953 ipsis
318 2872 456 2954 pretium
470 2872 659 2951 mitteretur,
682 2871 715 2937 et
730 2872 801 2954 quia
816 2873 904 2937 nouit
926 2872 1044 2953 optime
1066 2870 1216 2937 sancides
1232 2872 1350 2951 uestra¹

219 2992 274 3037 nos
297 2974 374 3037 dum
395 2975 554 3057 potuimus
584 2990 639 3057 per
661 2972 883 3057 allegationem
917 2972 1005 3037 mom
1039 2973 1194 3038 utilitates
1228 2976 1353 3039 emotae

220 3074 380 3141 Romanae
410 3077 558 3142 ecclesiae
590 3076 788 3155 subleuasse,
823 3094 906 3141 nunc
939 3074 1157 3141 uicissitudine
1184 3076 1278 3142 facite
1313 3077 1386 3142 doru

221 3176 358 3242 uemmte
380 3178 574 3245 beneficium.
606 3195 792 3260 quaesumus
814 3178 910 3243 etiarn
934 3178 1121 3244 salutatione
1142 3179 1293 3262 praefata,
1315 3184 1353 3245 ut

220 3278 296 3360 quid
319 3298 411 3362 super
436 3279 492 3345 hae
514 3283 603 3364 parte
624 3279 808 3346 deliberatio
832 3283 940 3345 uestra
960 3280 1073 3347 habeat
1095 3282 1251 3362 indicetis,
1275 3284 1350 3365 quia

270 3499 368 3554 lmihi
380 3498 466 3555 BLV
566 3500 583 3553 5
595 3498 639 3553 uel
650 3516 701 3554 eoa
715 3499 742 3553 Τ
835 3500 887 3555 hae
900 3500 958 3556 LV
1054 3502 1071 3557 6
1083 3503 1229 3558 desederati
1241 3502 1282 3558 Βι

218 3602 334 3657 formam
351 3604 378 3657 L
481 3602 583 3670 eloquii
600 3602 643 3665 P;
669 3588 744 3675 expio
762 3604 828 3662 add.
845 3604 874 3659 B

270 3706 350 3762 1111.
386 3707 420 3761 13
438 3712 534 3777 querat
551 3706 617 3763 ΒΙι1
715 3711 749 3764 14
760 3710 899 3780 ponticum
915 3710 940 3765 T
945 3710 950 3739 ¹
1046 3710 1079 3764 16
1090 3708 1231 3780 pollitione
1245 3710 1281 3765 Ῥ

220 3827 254 3881 lt
273 3826 393 3882 famulus
409 3825 437 3882 B
547 3828 580 3882 18
601 3801 789 3883 tormidiniefsd
807 3832 833 3898 (s
850 3830 882 3885 to
899 3832 967 3897 ras.)
989 3828 1017 3883 Β
1123 3831 1158 3885 20
1180 3831 1351 3901 penderimus

219 3912 247 3967 B
334 3917 440 3968 nostros
458 3930 509 3969 om.
528 3914 612 3968 Sirra.
707 3915 742 3969 21
762 3914 869 3970 domino
886 3914 936 3969 Bb
1022 3918 1113 3971 uestm
1131 3915 1158 3971 L
1253 3918 1287 3971 22
1307 3934 1352 3973 uc

217 3998 321 4087 aazia
338 4032 366 4086 B
469 4034 505 4087 24
527 4050 575 4090 nos
595 4034 622 4088 L
638 4035 672 4088 tn
689 4051 754 4101 rau,
772 4034 868 4100 socrat
881 4036 974 4105 praeeo
991 4036 1058 4103 fori.
1075 4053 1094 4090 u
1197 4039 1285 4108 tuam]
1306 4055 1352 4094 no-

217 4156 302 4208 stram
329 4156 376 4209 Pb
486 4155 620 4209 utilitatis
642 4155 670 4209 B
784 4156 819 4210 26
844 4128 973 4225 quadinus
991 4156 1019 4211 L
1042 4172 1072 4211 su
1090 4172 1113 4211 e.
1132 4157 1149 4210 t.
1167 4172 1201 4212 m.
1220 4162 1278 4213 urat.

216 4239 252 4292 27
270 4239 428 4295 deliberatio
447 4243 488 4309 (at
504 4243 537 4296 in
553 4243 621 4310 rue.)
643 4240 670 4294 V
