2934 4934
241 347 307 413 464
601 341 716 413 Magni
735 340 864 397 Feliois
880 340 1013 396 Itnnodi

240 536 363 622 parim
385 535 532 617 amplexa
550 534 741 620 gratulatur.
764 535 891 601 utimr
904 552 961 601 nos
976 532 1172 618 longioribus
1192 534 1256 599 ooli
1270 533 1384 599 boaret

242 638 389 705 affatibus
411 643 444 704 et
464 656 525 704 non
553 638 667 703 uestris
689 639 813 722 legibus
836 638 1001 706 deberetur
1022 636 1180 716 mnino,
1213 655 1235 703 a
1263 635 1382 720 quibos

243 742 334 825 eopia
348 742 458 807 uotiua
472 741 671 827 suggeritur!
693 760 750 825 per
764 742 947 808 litterarum
962 741 1083 823 speeies
1097 741 1132 806 in
1144 739 1280 823 longum
1294 743 1383 807 iton

242 863 301 910 nor
322 846 392 910 tute
421 846 634 911 committitur
656 846 690 911 et
711 846 780 911 sine
802 843 1012 913 inminutione
1040 845 1091 911 sni
1118 842 1280 928 relegente
1304 845 1382 911 eoli-

241 946 342 1013 datnr.
389 951 463 1014 aute
485 966 543 1015 uos
571 948 682 1033 ignara
704 949 823 1015 ordinis
844 948 927 1015 uixit
951 947 1134 1014 hnmanitas
1155 950 1188 1012 et
1213 948 1408 1015 motantist

242 1051 390 1137 glandem
401 1052 609 1135 peotorssino
621 1052 1041 1121 modisnerbsuomuoront:
1054 1050 1206 1118 nosinter
1217 1051 1381 1119 unimu-

241 1160 332 1221 turee
345 1156 489 1221 homines
505 1156 688 1223 distantiam
703 1158 819 1236 lautis,
837 1158 914 1224 dnm
928 1155 1119 1223 caelestibus
1133 1151 1254 1221 notitia
1265 1154 1378 1233 nesti.

241 1259 410 1343 pecudibus
433 1258 553 1325 similes
568 1260 674 1325 reddit
687 1261 853 1346 ignoratio.
877 1262 910 1327 in
925 1259 1089 1343 propatulo
1106 1264 1163 1335 est.
1185 1258 1292 1341 nudis
1307 1260 1379 1325 ante

241 1363 321 1429 bane
349 1363 472 1447 frugem
501 1363 598 1429 fuerit
625 1364 809 1430 mortalium
842 1364 967 1430 deserta
998 1359 1176 1445 prompios:
1209 1378 1286 1429 oum
1316 1360 1380 1427 illis

241 1464 335 1547 enim,
361 1466 474 1551 quibus
498 1467 661 1535 nobiseum
683 1486 741 1551 por
763 1468 917 1535 aduentus
938 1467 973 1533 in
994 1468 1068 1533 lnoe
1088 1468 1154 1546 eet,
1180 1486 1240 1550 per
1261 1465 1405 1533 disemo

240 1570 360 1637 tionem
381 1576 518 1637 uestram
541 1591 603 1638 non
632 1573 681 1639 est
703 1572 841 1639 eondioio
870 1589 935 1637 nna
960 1571 1111 1653 sepiendi.
1143 1572 1261 1656 nalote
1285 1587 1378 1636 orna·

241 1674 349 1741 mente
377 1674 516 1743 melioris
546 1677 678 1757 ramuli,
708 1678 741 1742 et
769 1679 938 1756 mondum,
966 1692 1059 1758 quem
1081 1672 1274 1745 eoloratis
1305 1692 1377 1741 oon·

241 1796 345 1846 obesse
368 1798 387 1844 a
408 1778 476 1859 deo,
503 1782 534 1846 in
557 1782 736 1863 temporum
758 1780 897 1846 remedio
918 1778 1081 1863 possideto.

766 2070 853 2139 ΧΙΗ.

262 2278 406 2347 molto
435 2277 628 2363 [QVANDO
657 2277 867 2347 Pnuusslvs
889 2278 942 2346 ltu
964 2277 1151 2345 SEVERVS
1174 2278 1357 2345 TRADITI
1382 2298 1401 2339 u

610 2396 720 2464 SVNT
744 2399 803 2466 AD
824 2397 1006 2481 savoia]

282 2586 317 2655 Si
338 2590 436 2655 nauta
459 2588 600 2655 secundis
622 2586 751 2655 dotibus
773 2585 908 2653 feliciter
929 2584 1053 2651 humidi
1076 2587 1233 2652 directum
1260 2586 1376 2653 transit

240 2692 380 2773 itineris,
403 2690 431 2758 si
452 2690 640 2759 bellatorem
662 2692 753 2757 duoit
773 2708 940 2757 snooessns
964 2690 1077 2756 melior
1102 2689 1143 2756 sd
1163 2688 1373 2773 triumphurn,

239 2797 268 2861 si
295 2813 350 2880 per
377 2794 548 2863 rhetoricos
577 2812 702 2878 onmpos
731 2794 910 2861 litterarum
940 2794 1032 2859 miles
1061 2793 1176 2860 indiois
1206 2790 1246 2857 tit
1268 2792 1375 2859 fanore

240 2897 419 2967 sublimior:
441 2899 586 2967 nostrum
608 2901 657 2963 est
677 2896 830 2963 hodierno
846 2897 897 2962 dio
910 2897 1079 2964 momentis
1097 2896 1224 2982 paribus
1239 2898 1399 2979 gaudere·

239 3004 277 3069 de
298 3000 448 3069 themate.
475 3002 552 3086 quid
573 3000 654 3067 mibi
677 3004 726 3067 est
748 3020 822 3067 eum
843 2999 964 3086 ingenii
978 2999 1043 3067 moi
1058 3000 1220 3085 publicata
1234 3004 1268 3065 et
1283 3002 1374 3082 dege-

239 3104 307 3171 neri
329 3106 533 3189 psupertste?
555 3122 627 3171 eoos
649 3105 688 3170 de
710 3104 873 3187 susceptae
895 3102 1044 3171 diotionis
1066 3120 1168 3169 messe
1189 3102 1373 3170 ditescimus

239 3207 491 3287 ineundorum,
513 3206 640 3291 quando
662 3208 831 3275 relatorem
852 3204 1003 3272 moritum
1022 3205 1184 3273 relationis
1197 3204 1373 3289 amplificat

292 3430 307 3483 1
327 3429 406 3497 nupia
422 3428 451 3483 Β
559 3428 577 3483 3
594 3427 761 3499 suggeritur]
785 3430 925 3497 supermnr
943 3428 972 3483 Β
990 3428 1048 3493 (sed
1065 3429 1098 3484 to
1115 3444 1167 3499 neg.
1190 3432 1217 3481 ot
1238 3424 1304 3492 fero
1324 3424 1369 3481 ob

238 3516 344 3585 rmum)
372 3514 387 3570 b
498 3516 517 3569 4
542 3516 604 3570 tuto
631 3514 647 3569 b
763 3512 957 3569 immutatione
984 3515 1011 3570 Β
1123 3513 1256 3583 reltgsnts
1282 3511 1330 3579 13¹,
1356 3526 1372 3565 a

238 3599 373 3670 relegente
388 3600 435 3655 sset
452 3600 594 3670 relegenda
611 3601 678 3667 sort.
788 3600 807 3655 8
828 3598 973 3669 perodibns
997 3599 1036 3654 Β1
1140 3597 1240 3654 similis
1262 3597 1307 3652 Βι

238 3722 330 3792 quos
353 3723 382 3778 Β
494 3724 525 3779 11
549 3722 667 3778 oestuo
692 3722 791 3779 nor·
886 3722 921 3776 rr
942 3721 1065 3776 merrom
1087 3720 1128 3776 Β·
1239 3690 1310 3792 in

238 3808 272 3864 13
290 3808 407 3865 remedia
426 3808 462 3865 Ρ

288 3928 370 3987 ΧΙΗ.
400 3928 664 3997 Quando-studia.
698 3928 865 3987 Sobolrstios
891 3929 1005 4000 septima
1031 3928 1115 3985 isaer.
1141 3926 1239 3994 sm..
1267 3927 1303 3983 de
1328 3926 1369 3983 Se

236 4031 301 4071 uero
318 4018 346 4073 et
363 4014 473 4073 Paterio
490 4015 574 4073 tneo.
593 4014 739 4082 debedat,-
764 4016 850 4073 terror.
867 4030 920 4071 oso.
937 4015 1003 4071 libri
1096 4014 1130 4070 18
1146 4013 1259 4069 iteneris
1275 4012 1305 4068 Β

236 4100 369 4159 trinutum
387 4102 417 4159 Β
524 4102 557 4159 19
574 4102 704 4160 retorieus
721 4102 779 4158 ΒΤ
882 4117 993 4172 oampm
1010 4099 1039 4157 Β
1142 4099 1242 4157 indidit
1262 4098 1305 4157 Β

236 4185 473 4245 tltbemataeB
568 4188 676 4260 quista
774 4186 953 4259 pulumB
1055 4184 1210 4243 lbotessl
1307 4184 1366 4241 din·-

237 4274 337 4331 eoimns
354 4272 383 4329 Β
485 4274 644 4347 aequando
663 4274 691 4331 Β
707 4288 731 4337 e.
747 4274 765 4333 l.
871 4272 1012 4345 nobilest
1029 4271 1057 4328 Β
