2934 4934
427 397 664 467 Epistularum
681 398 769 452 liber
787 395 823 451 11.
1142 397 1184 464 63

67 587 210 653 libertate
232 584 466 652 testimonium:
500 589 542 650 ui
574 585 744 650 lacerem
777 585 1031 651 uoluntatem
1064 590 1183 665 tuam,

66 691 154 755 dens
177 708 306 767 meus,
338 689 467 769 uolui,
505 690 539 755 et
559 686 651 753 alibi:
679 688 913 754 uoluntario
936 686 1183 756 sacrificabo

20 860 23 864 ,
65 792 152 870 tibi,
175 793 226 858 at:
249 792 346 858 uota
367 810 449 858 mea
468 789 813 868 dominoreddam‚
836 790 868 855 ot
890 791 1018 857 iterum:
1044 796 1183 859 ucuoto

64 898 97 959 et
117 894 291 961 reddite.
319 892 401 960 illud
417 897 524 960 autem
537 892 624 961 beati
646 895 781 977 apostoli
804 909 863 976 quo
890 912 924 958 se
944 896 1059 961 muniri
1086 898 1183 963 credit

46 998 238 1083 sexemplnm
260 997 422 1065 nobiscum
443 996 536 1081 lacit,
564 996 591 1063 si
619 1014 696 1081 qnae
724 998 895 1080 sequuntur
923 998 1081 1078 aduensi,
1111 1016 1183 1067 oum

61 1102 207 1167 iuimicus
230 1100 432 1185 adrogantiae
462 1102 557 1168 dixit:
591 1103 723 1185 gratia
749 1102 812 1167 dci
834 1122 918 1168 snm
955 1106 1054 1186 quod
1082 1123 1179 1170 eum.

61 1225 130 1271 mox
153 1206 252 1285 euim,
274 1221 313 1271 ne
326 1208 372 1271 sic
387 1205 481 1291 fugax
496 1206 614 1291 glorias
628 1206 817 1287 crederetur,
841 1206 878 1271 ut
899 1206 991 1293 longo
1014 1205 1180 1274 interuallo

61 1312 228 1377 anemtate
251 1309 442 1389 descisceret,
466 1311 586 1392 sapiens
601 1309 787 1375 architectus
802 1310 959 1377 emunxit:
984 1310 1180 1377 abundau-

59 1416 139 1479 tius
156 1412 340 1479 omuibus
364 1412 546 1479 laborari
561 1413 746 1495 etgratia
761 1412 826 1478 dei
846 1414 885 1479 in
900 1432 955 1479 me
971 1431 1180 1497 ogensnon

32 1516 144 1595 uiuit,
157 1516 243 1599 quod
255 1514 366 1580 dirime
379 1518 441 1581 est:
461 1514 604 1581 cuncus
614 1517 647 1582 iu
655 1534 806 1599 moqucm
819 1516 911 1601 digne
922 1517 976 1581 aut
987 1517 1179 1584 abundanter

56 1619 275 1685 muneraretur
297 1617 427 1683 inuenit.
461 1636 523 1683 nou
545 1618 630 1683 enim
651 1636 769 1703 pauper
792 1619 838 1685 cst
860 1618 967 1685 diuina
989 1620 1099 1705 graba
1125 1621 1179 1687 sed

57 1726 242 1790 meritorum
262 1725 439 1789 nostrorum
455 1725 584 1805 putatur
596 1724 730 1804 quadam
750 1722 849 1789 macie
868 1725 922 1787 aut
934 1721 1074 1788 exilitate
1089 1724 1178 1789 tenu·

57 1829 108 1893 ari.
132 1846 215 1911 quae
246 1829 322 1891 tuuc
343 1844 404 1889 nou
426 1825 491 1889 suis
520 1827 706 1890 aestimatur
728 1824 882 1890 meatibus
911 1825 1023 1905 fluere,
1057 1828 1177 1909 quaudo

56 1932 91 1995 de
126 1931 196 1995 eius
234 1928 374 1993 cursibus
408 1927 565 1993 ariditatis
599 1930 723 1995 nostrae
757 1945 837 1993 uena
868 1929 912 1993 nil
940 1928 1064 2009 recipit.
1103 1947 1120 1994 o
1150 1930 1177 1993 si

29 2034 238 2116 uepistularis
270 2033 433 2115 pateretur
468 2032 616 2115 angustia
647 2050 806 2097 sacrorum
840 2030 1035 2097 uoluminum
1065 2050 1177 2101 aroana

55 2136 204 2203 reserari!
242 2139 296 2201 aed
318 2138 412 2201 timeo
434 2156 473 2201 ne
503 2137 557 2219 qui
579 2137 700 2203 nullam
727 2137 843 2218 poterit
873 2135 928 2201 deo
950 2137 1122 2223 inspirante
1143 2138 1176 2202 iu

56 2240 114 2305 fide
135 2243 248 2305 nostra
262 2239 607 2317 iuuenirccalumuiam
622 2238 660 2304 de
673 2240 805 2325 paginae
820 2239 997 2324 prolixitate
1019 2242 1174 2307 causetur.

56 2343 128 2425 quid
151 2341 257 2420 illud,
291 2359 352 2424 qua
374 2344 478 2406 mente
500 2341 646 2423 suscipit:
685 2360 773 2408 occo
796 2362 937 2425 aquam
966 2347 1004 2409 et
1025 2343 1174 2427 ignem,

53 2446 95 2510 cd
127 2446 301 2529 quoduis
334 2444 494 2529 porrige
515 2448 692 2510 manum?
726 2445 901 2527 quidalm,
930 2465 1007 2529 quae
1032 2446 1174 2529 copiosus

26 2549 194 2613 oadsortor
224 2549 292 2631 ipse
313 2547 493 2630 replicasti?
515 2546 605 2612 credo
627 2564 712 2613 more
733 2548 850 2630 aspidis
873 2550 995 2629 clausa,
1018 2554 1054 2614 ut
1076 2552 1173 2629 aiunt,

52 2668 122 2716 aure
144 2649 310 2716 transisit.
335 2652 423 2715 uideo
446 2665 504 2733 quo
535 2668 567 2716 se
594 2650 698 2716 toxica
718 2649 854 2734 Libycas
877 2652 973 2735 pestis
997 2655 1171 2719 extendant.

53 2772 198 2820 arenosus
221 2753 347 2818 coluber
362 2771 424 2819 nou
438 2753 514 2819 haec
536 2754 602 2819 sola
622 2753 718 2819 habet
741 2756 912 2838 perniciosa
941 2772 1018 2838 qnae
1040 2758 1172 2821 roserat:

52 2856 87 2921 ad
117 2858 371 2923 aestimationem
403 2859 595 2925 occultorum
626 2857 798 2924 facinorum
826 2859 952 2923 ferenda
986 2858 1060 2922 sunt
1093 2876 1171 2939 quae

51 2960 174 3028 fatetur.
201 2963 272 3026 uult
295 2962 379 3026 enim
400 2961 440 3028 ad
463 2962 541 3027 illud
563 2962 746 3046 pertingere,
770 2964 923 3027 nemiuem
947 2964 1001 3025 s'uo
1024 2960 1102 3025 uitio
1118 2962 1173 3025 aut

24 3064 253 3150 sneglegcntia
274 3066 387 3148 perire,
421 3065 448 3129 si
477 3066 568 3130 homo
600 3066 761 3147 utriusque
791 3066 837 3129 rei
866 3064 940 3129 boui
970 3069 1001 3128 et
1022 3064 1096 3129 mali
1118 3082 1173 3147 per

49 3170 242 3248 potestatem
266 3185 410 3233 concessa
432 3167 579 3233 electione
602 3169 757 3252 priuatur.
780 3168 835 3233 hos
858 3168 981 3233 tautum
1004 3166 1102 3233 iactat
1117 3186 1171 3249 po-

49 3273 143 3335 tuisse
160 3270 282 3337 salbari
298 3272 363 3335 sine
377 3268 483 3336 labore
506 3270 582 3356 ullo,
605 3272 671 3337 sine
688 3274 905 3338 mandatorum
930 3270 1078 3356 amicitia,
1096 3286 1170 3353 quos

147 3476 162 3528 l
183 3472 228 3531 Pa.
247 3472 288 3537 39,
308 3474 338 3541 93
360 3474 402 3540 53,
420 3475 449 3539 83
474 3475 530 3538 115,
550 3475 647 3541 1518,
669 3475 709 3539 75,
728 3475 762 3530 23
866 3476 989 3531 ssICor.
1010 3476 1050 3541 15,
1070 3476 1102 3530 10

49 3560 78 3614 18
93 3560 166 3617 uoci
188 3561 230 3627 15,
248 3561 281 3614 17
385 3562 420 3616 20
437 3562 470 3617 ci.
489 3562 532 3616 Ps.
551 3563 593 3628 57,
610 3564 627 3617 5

92 3751 109 3803 2
127 3748 305 3805 uoluntariae
322 3750 377 3804 BL
479 3751 495 3805 3
517 3750 610 3805 uouite
626 3750 655 3804 B
757 3752 774 3805 5
792 3751 815 3805 si
834 3751 853 3819 (i
871 3752 903 3805 ior
920 3752 985 3819 ror.)
1005 3750 1030 3804 T
1131 3766 1169 3805 sc·

45 3838 139 3889 cuntur
156 3834 214 3889 PT
305 3835 323 3888 8
340 3834 491 3889 doscisieret
511 3836 546 3888 T¹
642 3834 843 3891 habundantius
863 3835 891 3891 T
904 3842 930 3891 ct
941 3836 1101 3905 1111111111

46 3922 73 3974 ll
93 3923 253 3976 muneratur
270 3918 309 3974 B·
405 3922 438 3976 12
456 3921 572 3991 quadam
584 3923 699 3991 putatur
718 3922 745 3975 T
830 3922 930 3977 macies
946 3922 982 3989 B,
1001 3922 1056 3977 acis
1076 3922 1103 3977 T

44 4016 181 4071 exsilltats
198 4014 227 4069 Β
324 4016 359 4070 14
374 4014 516 4071 meditatis
532 4016 572 4069 Βι
669 4017 703 4071 15
720 4016 837 4071 archana
855 4016 909 4071 PT
1001 4017 1034 4070 18
1050 4017 1168 4085 suscepit

44 4110 68 4162 Β
172 4109 205 4164 21
225 4108 392 4179 lybiceapitia
413 4110 450 4165 7¹
466 4110 514 4166 aed
531 4127 599 4166 corr.
617 4126 650 4166 oc
670 4116 700 4177 1,·
723 4110 811 4181 lybico
828 4110 862 4177 L,
889 4110 975 4180 lybico
992 4108 1054 4175 BP,
1085 4108 1167 4165 libica

44 4230 66 4282 T
167 4229 205 4285 23
221 4202 374 4286 ocultorum
390 4230 419 4285 B
532 4232 565 4287 25
588 4232 757 4303 negligentia
779 4232 836 4287 BT
939 4230 973 4286 26
996 4232 1113 4301 potuisse
1132 4248 1166 4287 scr

42 4318 178 4381 potestate
199 4316 306 4371 Tm
