2934 4934
405 461 522 531 Opnso.
541 459 607 516 IIIL
630 461 712 516 Vita
729 462 762 516 B.
781 462 922 516 Antoni·
1165 464 1228 530 339

94 656 179 720 dana
199 661 304 720 toruos
327 653 432 718 oeulos
448 656 479 718 et
495 651 652 718 indefessa
673 653 783 718 eontra
795 651 913 718 saeouli
928 651 1098 719 blanditias
1112 651 1229 719 Christi

95 757 235 824 militem
264 757 345 823 bella
372 755 518 821 irrotare
548 754 671 838 qnando
699 754 757 820 illa
784 757 889 839 imago
916 759 1037 822 statum
1064 773 1155 822 snum
1177 776 1228 822 re·

94 861 194 926 soluit
216 860 250 925 in
272 858 370 925 risum
393 861 425 923 et
449 859 489 924 ab
511 857 631 924 ordinis
652 858 769 941 proprii
790 859 892 942 rigore
908 858 1049 924 laetitiae
1064 857 1227 925 debilitate

93 964 257 1031 eontracta
277 963 349 1028 eet?

71 1089 85 1131 s
136 1068 263 1132 Interea
304 1070 377 1133 dum
425 1065 513 1132 nelnt
561 1066 760 1149 obsignatum
809 1066 956 1131 monaehi
996 1066 1030 1130 in
1072 1065 1227 1130 uniuersis

91 1171 196 1254 inplet
227 1169 382 1246 officium,
415 1171 464 1234 nir
497 1168 641 1251 quidam,
675 1188 768 1253 quem
802 1186 934 1251 sponsae
967 1186 1042 1234 suae
1075 1186 1164 1233 amor
1193 1168 1227 1234 in

92 1273 220 1339 faoinns
247 1272 416 1355 impulerat
442 1277 473 1337 et
495 1271 534 1336 ad
558 1273 743 1338 effusionem
764 1271 894 1337 hnmani
921 1271 1085 1354 sanguinis
1113 1271 1226 1336 affeetu

92 1379 127 1443 et
147 1377 363 1459 indignatione
385 1380 577 1458 prouocarat
601 1379 676 1442 dum
698 1376 922 1441 mnsoientiam
944 1394 977 1440 ne
997 1376 1098 1440 eredit
1118 1374 1227 1457 fugere

91 1479 272 1545 mutatione
293 1481 449 1544 terrarum
472 1482 504 1543 et
525 1479 559 1544 in
575 1478 648 1546 aliia
663 1478 842 1562 pronineiae
857 1477 1002 1560 partibus
1015 1478 1227 1543 inserendam

57 1581 233 1665 rereperiri‚
256 1601 350 1665 quam
372 1581 475 1647 furore
497 1579 575 1647 dnne
596 1582 786 1664 perdiderat
809 1582 952 1647 uelatum
966 1580 1169 1663 simpiinitate
1187 1581 1226 1646 ad

91 1689 216 1751 secreta
243 1685 362 1751 heremi
390 1685 528 1768 portauit
559 1683 763 1764 homicidam,
793 1688 908 1768 putans
934 1686 968 1750 in
1000 1683 1051 1749 dei
1078 1682 1225 1766 obsequio

92 1787 275 1854 constitutis
299 1788 337 1853 de
360 1786 481 1854 antibus
503 1787 566 1853 suin
589 1791 712 1871 praeter
734 1786 871 1871 effigiem
892 1789 939 1853 nil
961 1791 1079 1869 patere.
1111 1786 1226 1852 artifici

90 1891 247 1956 humilem
280 1891 443 1958 simulauit
475 1895 590 1976 optutu
619 1894 652 1956 et
678 1911 734 1976 per
762 1891 862 1958 dolosi
892 1891 1067 1957 commenta
1100 1888 1224 1956 consilii

90 1994 247 2060 fabricata
279 1995 469 2061 subiectione
503 1995 679 2077 conpositus
710 1995 903 2061 nautioribns
933 1994 1090 2058 seelernm
1119 1992 1224 2058 sordes

54 2099 174 2163 retexit
195 2097 375 2164 obstaculis.
407 2097 537 2164 difficile
554 2103 601 2163 est
623 2103 746 2183 praeter
768 2099 861 2164 denm
883 2097 1115 2181 deprehendere
1137 2097 1223 2179 quio·

89 2200 170 2284 qnid
192 2200 381 2283 obsequendi
397 2201 591 2285 argumentis
607 2201 797 2267 inuoluitur:
820 2199 948 2284 prouida
970 2199 1128 2282 flagitium
1142 2199 1224 2264 oelat

89 2303 241 2370 abiectio:
265 2322 336 2371 raro
353 2303 504 2371 inlunem
526 2307 696 2389 emmpnnt
717 2306 858 2383 erimine,
881 2323 961 2388 qma
978 2305 1088 2370 anoton
1102 2301 1223 2370 obtem·

88 2407 220 2492 parandi
242 2408 348 2474 soierit
370 2408 440 2474 fuco
462 2407 601 2492 sepelire.
634 2409 779 2490 protinus
799 2413 906 2474 tamen
929 2407 1032 2472 adfuit
1054 2405 1112 2472 illo
1133 2405 1224 2471 index

89 2513 258 2576 consuetus
287 2514 320 2576 et
347 2510 475 2576 latentis
504 2515 622 2578 secreta
651 2513 858 2580 oomoientiae
880 2511 1004 2578 diuinae
1025 2509 1112 2576 uocis
1135 2509 1224 2573 elane

53 2613 261 2692 sereseranit,
297 2615 330 2678 in
352 2613 400 2680 his
424 2613 618 2680 sermonibus
641 2613 770 2681 adorsus
791 2615 984 2689 Antonium,
1006 2613 1129 2694 qnando
1150 2629 1224 2675 enm

88 2717 164 2801 plns
185 2733 279 2798 qnam
300 2716 393 2780 homo
415 2717 515 2798 possit
536 2716 641 2783 doonit
663 2720 836 2801 agnouisse
858 2717 952 2783 illum
975 2716 1146 2789 denudans,
1169 2713 1224 2797 qni

89 2837 192 2885 araneo
214 2819 397 2884 indumento
420 2819 575 2884 latronem
597 2822 733 2904 tegebat,
760 2819 871 2886 “naue’'
894 2819 1039 2902 inquiens
1065 2819 1120 2884 “ne
1141 2817 1223 2884 tanti

89 2920 232 2988 oriminis
255 2939 344 2986 reum
367 2923 474 2986 ennete
499 2922 576 2988 uelis
597 2923 730 2989 miseere
753 2919 897 3007 epilogio,
921 2920 1222 3006 permenonibus,

88 3025 179 3108 agnis
211 3023 351 3106 piperem
378 3023 546 3107 neglegens
581 3027 764 3092 aestimator
791 3025 956 3110 adinages.
991 3024 1052 3090 iste
1084 3024 1222 3090 animam

53 3127 140 3194 ndei
163 3125 309 3194 manibus
332 3143 507 3194 oonoesoem
537 3148 593 3211 per
615 3127 685 3194 eh'si
707 3129 886 3213 fragmenta
905 3129 1046 3213 gutturis
1071 3126 1222 3214 edrrganit

87 3236 121 3296 ot
142 3231 334 3296 interneciuo
363 3229 471 3297 fratris
498 3230 602 3296 furore
634 3232 799 3298 oonetrieti
825 3233 928 3299 uitam
950 3253 968 3298 e
989 3231 1117 3299 sedibus
1146 3231 1220 3307 suis,

89 3333 166 3400 dnm
188 3333 285 3400 infert
314 3331 457 3400 ienoibns
480 3335 593 3418 maela,
616 3334 777 3402 dissoluit:
811 3336 895 3403 hune
917 3329 1057 3402 dobitn'm
1080 3333 1222 3417 seqnitur

89 3435 222 3502 exitium
245 3455 302 3502 neo
324 3455 343 3502 a
365 3437 439 3520 ingo
461 3437 608 3520 snpplioii
631 3439 693 3504 erit
714 3438 834 3506 alienm
856 3439 911 3522 qni
925 3439 1063 3505 hnmano
1076 3437 1223 3521 sanguini

142 3609 156 3660 1
176 3609 270 3661 ternus
290 3607 317 3661 B
419 3606 436 3660 2
457 3605 547 3661 milite
566 3610 590 3674 ('
613 3611 692 3674 erae.)
712 3609 741 3664 B
843 3611 964 3679 queando
982 3611 1009 3678 (d
1026 3614 1106 3672 erae.)
1125 3607 1152 3662 L

85 3695 105 3750 8
122 3696 279 3762 pronoearet
297 3694 335 3748 L¹
431 3692 546 3749 eredidit
563 3694 650 3750 P¹Tb
754 3697 772 3751 9
790 3695 940 3765 pronintiae
958 3695 1017 3750 BV
1110 3693 1144 3748 10
1161 3708 1220 3762 rep-

85 3779 172 3850 periri
198 3779 309 3834 BLV·
392 3780 427 3834 13
453 3777 587 3834 similanit
617 3781 642 3836 T
750 3786 850 3851 optnto
876 3781 919 3847 B,
947 3783 1071 3851 opertum
1096 3781 1152 3835 Po

85 3865 180 3920 dolosa
201 3865 238 3918 17¹
334 3865 367 3920 16
384 3861 584 3934 integumentis
599 3868 664 3934 sort.
757 3867 869 3937 proinde
886 3867 969 3924 Sim.
1066 3865 1099 3922 17
1117 3866 1220 3922 obtem·

85 3951 211 4022 pann-di
230 3953 255 4020 (t
272 3951 399 4020 ernest
505 3953 537 4007 18
559 3954 660 4024 tamen]
684 3957 713 4008 tn
740 3954 767 4008 T
865 3954 946 4010 index
963 3957 1007 4022 (ex
1023 3956 1105 4020 oon.)
1123 3953 1152 4008 Β

84 4037 277 4092 horruerant
304 4037 358 4105 (uit
384 4052 419 4092 ea
444 4042 463 4092 d
488 4043 571 4102 corr.)
600 4039 628 4093 L
735 4040 790 4110 his]
817 4041 842 4095 is
866 4040 897 4096 L
1005 4039 1038 4094 21
1065 4038 1221 4109 eognronisaa

85 4139 172 4196 Siren.
278 4139 313 4194 ᾗ
339 4112 410 4196 efeso
442 4141 467 4194 Τ
576 4139 611 4196 24
637 4141 772 4211 eriperenm
799 4141 827 4197 L
929 4141 1073 4211 negligens
1100 4139 1154 4196 ΒΤ

84 4225 121 4280 25
138 4225 260 4296 gnttorin
278 4226 312 4294 B,
336 4227 446 4297 gntnrie
465 4227 491 4281 Τ
582 4227 617 4282 26
635 4226 810 4298 ἰυῢοιξιιίοἰιιο
828 4226 864 4295 Β,
886 4226 1030 4282 internicio
1048 4228 1110 4293 LV,
1135 4229 1224 4282 inter·

84 4311 155 4366 nitio
183 4311 236 4366 ΡΤ
336 4312 497 4368 oonetrIotos
513 4314 578 4380 fort.
684 4313 718 4368 at
741 4313 840 4368 inirent
856 4314 883 4369 L
985 4313 1107 4369 rantibus
1124 4314 1152 4370 L

84 4397 195 4453 uincula
213 4397 284 4454 Pro
388 4397 423 4454 28
440 4400 553 4455 exitium
571 4401 694 4471 seqnitur
711 4400 797 4456 ΜΨ
890 4401 893 4405 ’
