2934 4934
594 404 716 491 Diutio
734 404 782 459 XI.
947 398 950 404 ’
1189 408 1255 477 469

122 594 198 659 ento
220 610 316 677 quum
338 594 487 673 dispersi,
510 596 587 659 dum
608 594 647 659 ud
669 594 839 661 uluotateru
863 596 1027 663 reducitur
1048 597 1172 666 diosndi
1194 615 1254 664 usu

115 701 268 781 pereunte
290 698 433 767 mneobns
455 695 634 763 infantium.
657 698 815 763 ororuitne
828 696 1005 783 olympicis
1027 696 1255 767 comminibus

116 800 156 865 de
178 799 439 884 pulmueonlidit
461 800 587 867 eonlsus
611 802 654 882 et,
678 802 706 866 si
734 817 798 867 non
819 802 885 867 otio
912 801 1113 882 debilitetur,
1141 804 1176 868 in
1197 820 1254 868 sno

114 902 185 969 iure
208 904 309 969 orsdit
337 922 403 969 osse
430 904 614 971 niotoriamr
645 922 769 987 semper
797 904 827 969 ei
855 922 1001 971 ooronam
1029 904 1253 976 blandimentis

26 1088 29 1097 Δ
90 1004 296 1073 ueffioaoibus
326 1025 397 1091 spes
427 1005 611 1089 promittit,·
632 1006 695 1072 nisi
722 1008 886 1075 uolouitati
914 1008 1091 1091 praemium
1120 1009 1255 1076 desidiae

114 1108 250 1193 languor
270 1110 416 1177 exentiat
442 1109 558 1175 artifex
578 1110 738 1177 iuuulundi
760 1113 800 1177 de
822 1111 991 1194 triumphis
1013 1128 1142 1177 aeonrus
1163 1114 1254 1195 optat

113 1212 238 1277 ineerta
260 1216 290 1277 et
314 1214 364 1277 oui
387 1212 523 1278 ouonrrit
549 1230 674 1295 semper
696 1215 730 1279 in
751 1216 819 1281 auio
840 1216 944 1298 gloria
958 1215 1055 1300 longa
1071 1232 1147 1298 paee
1160 1232 1253 1298 supo-

113 1315 225 1380 retur.·
256 1318 418 1397 poetarum
446 1316 577 1383 liederus
611 1317 822 1385 nobilioribus
857 1317 1014 1402 oorymbis
1040 1318 1072 1382 ot
1098 1316 1254 1383 niridanti

104 1418 220 1499 speeie
241 1419 349 1483 nutrix
362 1418 483 1504 ingenii
499 1420 595 1485 uomit
616 1420 809 1487 adsiduitas:
833 1424 976 1487 oessnnte
990 1420 1168 1503 frequentin
1180 1438 1253 1503 pro-

74 1520 184 1587 nobati
206 1522 427 1587 obmutesount
449 1541 503 1589 ors
526 1524 682 1591 ouumdioi
722 1526 873 1591 uduootns
894 1526 928 1590 in
957 1522 1115 1608 puppibus
1138 1540 1254 1607 ueqnor

107 1622 273 1706 ‚liquidnm
295 1626 363 1691 sine
378 1628 499 1693 terrore
519 1631 618 1695 naute
630 1628 812 1711 perlustret,
836 1630 933 1711 quisi
948 1628 989 1694 ad
1009 1633 1135 1693 terrena
1147 1625 1251 1691 nitum

116 1727 213 1793 ducet
226 1725 340 1807 oriola,
361 1748 419 1795 neo
433 1730 548 1797 itinera
563 1731 658 1797 uun
675 1750 734 1797 nso
748 1732 860 1797 uentos
875 1730 1083 1816 deprehendit
1095 1728 1253 1814 anspioiis.

115 1828 259 1914 agricola
274 1831 302 1895 si
319 1832 487 1916 aliquando
511 1850 671 1899 uomersm
693 1834 833 1900 inleotns
857 1833 1039 1901 urbanitate
1060 1835 1252 1909 contemnet,

115 1932 151 1997 in
167 1933 306 2015 denium,
322 1935 420 2002 bobus
440 1938 514 2003 dum
531 1938 642 2003 suribit
656 1938 757 2021 terga,
773 1937 924 2019 rapietur.
947 1955 1022 2021 ergo
1035 1938 1120 2002 mont
1134 1936 1253 2002 urtium

76 2035 151 2101 usin
174 2054 231 2103 suo
254 2055 393 2122 quaeque
417 2056 510 2123 opere
538 2038 699 2105 inuenitur
728 2042 829 2105 mater
850 2040 1021 2119 inmte,
1050 2040 1098 2105 its
1119 2038 1255 2105 noneron

115 2139 305 2207 eruditionis
327 2144 375 2207 est
397 2143 604 2227 neglegentiu
628 2143 703 2211 telis
726 2146 775 2209 set
797 2147 935 2219 nostras,
959 2162 1054 2225 quum
1078 2145 1149 2226 post
1170 2149 1254 2208 tem-

114 2261 229 2325 porum
256 2244 424 2311 interualla
440 2246 672 2329 prodnoimns,
700 2245 843 2313 oondioio
869 2245 1032 2313 uotum:
1059 2263 1122 2313 non
1143 2248 1254 2312 notum

115 2346 244 2413 sobune
265 2346 418 2425 deterens,
440 2366 502 2416 non
524 2366 673 2433 pompam
695 2368 791 2433 quam
813 2351 917 2416 aetate
938 2348 1072 2416 merouri
1089 2348 1254 2415 debuisset

114 2451 271 2517 ostendit:
294 2451 394 2518 totum
416 2451 561 2517 fiduciam
586 2455 624 2518 de
646 2453 826 2521 auditorum
846 2454 1043 2539 benignitate
1064 2452 1251 2535 surripiens,

75 2552 262 2619 rosuffioers
291 2555 389 2621 eredit
418 2556 544 2621 neniam
572 2573 627 2639 pro
656 2556 779 2638 fanore,
814 2554 896 2621 satis
918 2556 1065 2639 sesopia
1093 2557 1168 2620 notu
1194 2570 1251 2639 pro

114 2655 241 2721 merito.
287 2657 404 2723 absiste
427 2660 550 2741 prouul,
579 2658 695 2725 debilis
715 2659 829 2725 timor:
857 2658 1084 2725 insinuandum
1106 2656 1252 2724 orbitatis

114 2759 290 2842 miseratio,
305 2763 476 2827 orationem
492 2761 674 2845 religiosum
690 2761 889 2827 sommendat
905 2761 1054 2829 offitium.
1070 2761 1145 2844 quid
1157 2759 1255 2826 faeiat

115 2880 220 2928 sermo
242 2862 376 2944 peritius
399 2865 562 2949 splendore
577 2865 716 2943 dotatus,
740 2863 796 2930 ubi
811 2882 904 2931 oeusa
918 2865 1016 2931 etium
1031 2864 1099 2930 sino
1113 2864 1255 2929 insinua·

114 2965 208 3032 triuio
231 2952 360 3051 linguae
390 2968 494 3051 pleost
517 2967 642 3035 offiuio?
677 2986 728 3033 res
758 2967 933 3053 inpetrauit
954 2968 1107 3051 gratiam:
1135 2965 1255 3033 suffieit

76 3070 156 3135 suut
177 3070 277 3136 usrbe
298 3074 479 3137 mereantur
501 3070 670 3138 uffeotumz'
688 3076 822 3155 utraque
845 3072 990 3138 seonndis
1005 3070 1045 3138 ed
1060 3069 1255 3137 audientiam

115 3176 258 3241 uestrum
279 3176 438 3242 ominibus
461 3178 685 3243 conuenerunt.
717 3176 917 3244 dicemusne
940 3176 1023 3259 quod
1044 3175 1153 3253 restat,
1180 3173 1255 3256 quiu

169 3452 184 3505 1
209 3464 259 3505 usn
282 3450 389 3505 dicendi
413 3452 517 3509 LTVb
623 3452 639 3506 2
662 3452 804 3524 olimpyoie
820 3452 862 3518 L,
890 3440 1027 3522 olympioi'
1053 3451 1085 3517 V,
1111 3450 1255 3519 olympiuoi

115 3535 166 3591 Pb
270 3536 425 3592 certaminis
448 3536 536 3593 PV¹b
640 3540 700 3595 3si
717 3555 771 3594 uon
789 3554 823 3607 uu
840 3538 898 3593 sine
918 3539 1039 3606 ΤΗ,
1068 3537 1136 3607 sino}
1159 3536 1187 3591 L

113 3656 192 3711 notio
219 3656 247 3713 L
349 3623 513 3744 deb÷liutnr
537 3663 580 3727 (ur
602 3661 635 3715 iu
652 3662 719 3728 roe.)
748 3659 790 3727 B,
820 3659 958 3715 debitetnr
984 3658 1012 3714 L
1115 3657 1134 3711 6
1158 3656 1255 3725 langor

114 3758 174 3814 ΒΤ
266 3760 284 3815 8
300 3759 399 3815 hednae
419 3760 455 3816 2¹¹
547 3762 673 3817 corimbie
690 3762 756 3817 trbn'
850 3763 873 3817 9-
885 3759 989 3831 speciae
1006 3762 1041 3828 L,
1067 3764 1143 3845 apim
1163 3760 1190 3814 Τ

114 3862 255 3931 frequenti
281 3862 364 3920 dim.
486 3864 592 3933 probuti
620 3868 818 3921 ommutoeeunt
844 3865 886 3934 B,
916 3864 1075 3934 probatione
1100 3862 1254 3918 mutescunt

114 3947 221 4004 LTVb
316 3949 350 4004 10
361 3948 493 4005 uunaodioi
505 3950 533 4004 B
626 3949 745 4020 pupibus
764 3952 799 4005 T¹
895 3952 929 4005 11
947 3953 1083 4006 terrenam
1101 3950 1183 4006 Sim.

115 4034 150 4090 12
161 4036 266 4089 iteneuu
277 4034 317 4090 L²
394 4036 609 4105 uentoseors'psi,
627 4038 725 4090 uentus
738 4036 855 4102 BLTV,
873 4040 988 4093 euentus
1000 4037 1049 4093 Pb
1138 4036 1172 4091 13
1183 4034 1254 4105 agri-

113 4122 176 4177 eulu
193 4120 222 4177 B
308 4122 438 4177 nemerim
455 4122 484 4176 B
570 4124 743 4191 oontempnut
765 4123 792 4178 V
877 4120 1063 4178 lebuinus
1156 4122 1190 4177 16
1207 4137 1254 4177 ne-

112 4239 250 4312 gligontiu
268 4240 324 4297 nn
408 4243 442 4298 rs
459 4258 546 4299 sumu
563 4244 592 4298 n
678 4242 878 4299 densetur
963 4211 1186 4313 nupturis

113 4328 149 4382 25
167 4326 209 4397 ut]
228 4329 261 4381 nt
278 4326 332 4383 ium
351 4328 378 4383 T
478 4328 512 4384 26
529 4329 684 4385 hominibus
702 4329 770 4385 ΙΝ*
