2934 4934
256 357 318 425 198
440 308 444 314 v
472 354 586 425 Magni
603 352 731 410 Felicis
749 352 880 408 llnncdi
897 354 998 423 epist.
1017 352 1075 407 lib.
1095 351 1159 408 vn.

254 538 404 610 sollicitet
425 546 481 608 aut
502 542 568 606 nlla
589 541 756 607 necessitas
778 542 938 606 maturum
967 556 1142 624 expugnare
1164 542 1263 625 pessit
1284 542 1376 607 arec·

254 648 347 711 iuml
367 643 518 727 numquid
539 644 673 729 genituri
696 650 842 710 natorum
864 660 926 709 nen
949 644 1041 728 grata
1055 645 1132 709 sunt
1147 644 1301 710 uerbera?
1322 650 1375 711 ant

256 750 411 816 creatues
438 747 632 831 reptantium
658 749 860 831 paruulorum
888 764 950 812 ncn
978 750 1009 812 et
1030 748 1209 813 mulcentur
1230 747 1374 813 iniuriis?

255 853 334 918 nihil
363 868 505 917 amarum
531 854 644 935 pennu
672 853 784 934 quibus
813 850 895 915 inter
921 849 1075 916 desideria
1105 849 1187 933 quod
1217 851 1299 917 notis
1320 868 1375 933 pre

253 958 342 1037 parte
368 954 549 1020 adnersctnr
576 951 731 1020 efferbuit.
768 953 948 1018 inuenimns
976 954 1059 1019 inter
1086 954 1227 1020 triticeae
1256 956 1377 1038 segetes
1403 976 1417 1017 e

254 1056 360 1140 spinas
381 1058 414 1121 ct
435 1057 561 1135 lelium,
596 1057 628 1120 et
649 1055 724 1121 dum
753 1054 937 1141 frugiferam
964 1055 1092 1123 herbam
1122 1059 1293 1141 carpimus,
1325 1058 1378 1122 in—

254 1159 387 1226 fecunda
407 1161 630 1245 suggeruntur.
667 1160 818 1242 numquid
848 1159 918 1225 idec
940 1160 1083 1226 culturae
1104 1162 1282 1243 respuenda
1302 1159 1378 1225 dili·

253 1264 360 1347 gentis
391 1265 440 1329 est
471 1264 527 1329 aut
558 1263 742 1329 cessandum
769 1264 819 1330 est
842 1280 861 1329 a
881 1264 1080 1343 ncmeribus,
1115 1265 1142 1330 si
1171 1281 1232 1331 nen
1254 1264 1286 1328 in
1308 1265 1376 1330 tcto

254 1364 439 1431 mtisiecerit
460 1367 544 1431 terra
565 1365 703 1432 culturi?
737 1368 829 1431 deum
852 1384 970 1449 precer,
993 1370 1030 1431 ut
1045 1385 1064 1432 a
1079 1370 1111 1432 te
1134 1368 1216 1450 qnod
1238 1368 1378 1434 cenent

253 1468 409 1534 excludat:
442 1485 497 1552 ego
520 1473 626 1535 minen
647 1487 835 1553 numquam,
860 1470 886 1535 si
910 1469 1026 1548 credie,
1049 1472 1190 1535 deseram
1214 1469 1379 1536 monitoris
1392 1492 1416 1533 re

253 1569 400 1638 efficium.
436 1572 543 1639 andini
570 1573 602 1637 tc
628 1574 727 1656 patris
755 1574 802 1637 tui
831 1573 980 1638 relatione
1010 1574 1094 1638 circe
1115 1573 1220 1638 studia
1241 1572 1305 1638 iam
1328 1592 1379 1639 re·

252 1674 385 1742 missum
408 1679 456 1755 et,
485 1676 573 1758 quasi
595 1693 699 1741 arcem
720 1675 871 1741 scientiae
893 1676 1022 1759 adeptus
1045 1680 1105 1756 sis,
1129 1676 1177 1742 ita
1198 1675 1378 1742 nullatenus

253 1796 320 1843 csse
341 1778 380 1844 de
401 1776 544 1845 lectionis
565 1778 772 1843 instructione
794 1778 972 1846 sollicitum.
1008 1781 1107 1862 nesti,
1130 1779 1193 1857 lili,
1216 1780 1308 1845 istius
1331 1782 1380 1847 rei

252 1898 406 1945 summam
429 1879 491 1945 nisi
514 1880 701 1948 adsiduitate
724 1882 823 1947 nimia
843 1902 902 1948 non
918 1886 1027 1949 teneri.
1062 1901 1123 1949 non
1136 1882 1255 1966 profuit
1270 1882 1303 1947 in
1320 1882 1381 1949 hcc

251 1998 343 2066 cpcre
364 1982 523 2049 laborasse
551 1983 718 2066 aliquando
740 1984 916 2063 hominem,
949 1985 1002 2067 qni
1025 2004 1043 2049 a
1065 1986 1179 2053 laboris
1203 1985 1413 2051 intentiones

254 2083 423 2150 destiterit:
451 2086 626 2170 pernicibus
648 2087 706 2151 alis
729 2089 928 2171 neglegentes
951 2088 1033 2171 fugit
1046 2086 1202 2169 scicntia,
1235 2090 1269 2152 et
1291 2088 1383 2171 quic-

254 2186 329 2269 quid
351 2206 436 2253 mcra
458 2190 490 2254 et
512 2190 623 2255 endere
645 2192 771 2273 partum
794 2192 839 2255 est
855 2193 913 2256 sub
935 2191 1096 2256 celeritate
1118 2190 1315 2257 transfertur.
1348 2192 1382 2259 te

252 2290 427 2356 salutatum
449 2292 481 2357 et
502 2292 631 2376 uigilem
654 2293 736 2371 nelo,
760 2296 796 2357 nt
819 2293 975 2378 prefectus
990 2296 1037 2360 tui
1052 2314 1187 2361 messem
1203 2294 1381 2361 cotidianae

253 2394 371 2458 catenis
393 2393 537 2462 lectionis
561 2395 748 2479 adstringes.
781 2400 819 2463 ad
842 2416 892 2462 me
913 2398 964 2463 uel
979 2416 1069 2477 nunc,
1092 2400 1119 2463 si
1134 2396 1209 2482 quid
1224 2401 1256 2463 te
1273 2398 1384 2465 deceat

253 2494 382 2580 cogitas,
405 2498 554 2576 rescribe,
578 2499 660 2583 quia,
683 2500 710 2564 si
727 2500 836 2580 credis,
860 2519 1030 2584 numquam
1053 2499 1190 2567 similem
1206 2500 1412 2567 dictionumn

252 2598 379 2665 tuarum
401 2600 538 2667 inuenies
559 2600 593 2666 in
616 2601 756 2685 qualibet
778 2602 862 2669 urbis
884 2606 974 2686 parte
997 2604 1160 2670 fautorem.

303 2854 471 2911 lullaneL
567 2860 759 2929 expurgcreT
860 2858 1176 2927 3etletiam1',ent
1279 2861 1378 2931 apro·

250 2972 279 3028 n
380 2975 583 3045 summm
599 2976 628 3032 s
725 2948 845 3049 erne
863 2980 890 3034 n
985 2979 1127 3035 insonus
1147 2982 1190 3047 m,
1217 2980 1378 3036 serrensi

251 3057 280 3113 s
382 3061 413 3115 11
436 3064 528 3129 pene
545 3062 584 3117 13¹
688 3065 722 3121 re
745 3066 878 3121 essersene
896 3067 932 3136 n,
958 3066 1067 3121 ceusu
1086 3066 1170 3122 sm.
1279 3068 1312 3124 1e
1334 3082 1376 3122 ee

251 3143 341 3199 thenis
361 3144 388 3199 Τ
485 3145 520 3201 20
536 3148 680 3205 rescribere
698 3149 725 3204 Τ
825 3150 857 3207 21
877 3150 1051 3207 facturuml*
