2934 4934
233 389 345 441 xxxvl

235 559 422 626 referuntur.
454 558 628 626 subiectum
650 559 755 643 potius
777 558 1089 642 circumspiciendum
1111 562 1187 638 eret,
1211 579 1283 628 oum
1296 561 1363 626 die-

233 663 352 728 crimea
378 661 511 730 9999999999
540 661 644 728 laeum
673 661 829 728 ostendere
851 680 906 744 pro
928 664 1133 744 conspicuam
1162 663 1364 732 9991999991

233 765 408 832 inlustrare
430 766 587 832 91999999
610 764 732 833 dicetur
755 766 856 848 idque,
886 767 968 852 quod
992 767 1017 832 B
1041 766 1225 832 exhibetur
1247 767 1363 846 lacum,

234 867 440 952 suspicionem
455 869 575 950 augent.
603 869 690 951 ctqnd
706 868 734 932 si
757 869 892 936 ostendit
891 889 932 934 ar
953 870 1017 936 leui
1035 868 1153 936 medela
1173 871 1365 953 reponimus,

233 975 270 1040 999
291 973 406 1050 1999999,
430 971 510 1053 quod
532 988 587 1054 pro
609 971 646 1034 999
669 971 750 1049 laea
774 972 960 1039 utineam
982 976 1014 1038 et
1036 972 1176 1038 hocloco
1199 980 1230 1038 et
1252 974 1365 1051 3999

232 1096 287 1161 pro
309 1078 346 1144 99
367 1073 540 1141 9991199999
564 1073 653 1152 est,
644 1091 710 1141 unm
732 1074 830 1140 teneri
852 1092 891 1158 po
892 1076 963 1140 test
986 1111 1028 1124 -
1050 1075 1102 1154 23,
1127 1076 1167 1140 19
1189 1076 1364 1145 orationem

232 1197 376 1248 maneum
419 1196 486 1246 esse
523 1179 555 1245 in
592 1177 685 1243 inv
724 1178 790 1260 (abi
825 1183 899 1245 suat
935 1179 1013 1244 illae
1048 1179 1254 1246 99999999999
1289 1183 1367 1248 brae

233 1285 270 1348 999
292 1282 525 1350 9999999999999
546 1281 733 1348 9999999919
750 1282 974 1364 penetrabat>
997 1288 1028 1350 99
1052 1284 1207 1350 codicisP
1228 1285 1365 1352 lectione

233 1386 468 1454 99999999999999
501 1389 649 1454 mendum
682 1390 783 1471 magis
816 1388 926 1454 uestiti
956 1407 1050 1472 qnam
1080 1389 1182 1454 senari
1211 1390 1364 1470 epperet;
1458 1384 1459 1387 ’

233 1491 312 1574 qnod
337 1493 363 1556 Β
387 1491 514 1574 prestet
528 1491 566 1558 ire
581 1493 818 1559 rerurrectione
839 1494 957 1558 9999999
972 1495 1058 1560 omni
1078 1493 1262 1578 integritate
1276 1509 1365 1557 com·
1458 1514 1459 1559 9

234 1594 406 1662 9999919999.
454 1594 913 1678 9999199999999999999999,
937 1595 990 1662 nbi
1013 1596 1040 1663 B
1063 1595 1216 1666 uoccbnlu
1237 1593 1364 1670 inserit,
1458 1628 1459 1661 l

233 1717 311 1784 quae
333 1697 458 1779 quidem
481 1715 501 1764 9
521 1697 656 1778 genuine
671 1697 831 1781 scriptoris
846 1699 986 1764 oratioue
1001 1698 1106 1768 911999
1121 1698 1260 1781 puteude
1274 1702 1363 1773 sunt,

231 1805 357 1884 propter·
390 1801 580 1880 paucitatem
614 1803 720 1868 temen
754 1803 786 1866 et
817 1820 874 1883 per
907 1819 941 1866 se
973 1800 1182 1886 interpolondi
1219 1799 1366 1868 studium
1458 1790 1459 1859 9

232 1904 356 1972 nullum
377 1902 524 1987 arguunt.
546 1902 663 1984 91940,
690 1904 729 1974 14
754 1905 913 1986 (meritam
934 1923 1037 1971 meum
1052 1909 1199 1987 reparator
1221 1901 1367 1970 9999999919
1458 1910 1459 1977 J

233 2005 262 2070 si
284 2003 475 2086 adtenderet)
501 2005 530 2069 91
550 2007 697 2073 meritam
720 2007 747 2072 B
768 2008 896 2074 exhibet
915 2008 1069 2092 porticulo
1082 2009 1112 2072 er'
1125 2009 1196 2091 post
1216 2006 1366 2077 caelestis

232 2153 354 2232 omisso,
378 2153 432 2218 ubi
454 2171 496 2232 ea,
520 2154 551 2218 id
574 2153 655 2238 quod
677 2154 831 2238 scriptore
851 2153 881 2218 V
903 2153 1056 2219 9991999991
1080 2153 1205 2237 indicat,
1235 2151 1364 2219 facilius

231 2256 415 2322 intercidere
438 2255 549 2340 potnit.
580 2257 634 2322 sed
650 2275 699 2322 res
722 2259 843 2324 incerte
858 2259 975 2323 999.-
931 2258 1062 2337 -199,
1079 2257 1144 2323 23
1136 2277 1168 2322 999
1184 2259 1211 2322 Β
1225 2256 1364 2339 legitur:
1458 2330 1459 2341 2

230 2378 296 2423 99999
323 2358 484 2424 erubescas
509 2359 605 2425 9999999
633 2357 808 2446 aliquibus,
832 2361 1003 2442 praecipue
1030 2366 1136 2425 9999999
1162 2359 1311 2425 dominae
1333 2364 1368 2424 99
1458 2360 1459 2411 3

230 2462 339 2526 9999999
362 2460 496 2526 domnae
516 2461 688 2526 Barbarae
704 2464 865 2545 papirium
886 2484 989 2528 999999
1011 2483 1175 2540 recensere,
1198 2463 1251 2528 nbi
1272 2463 1367 2544 prins

230 2564 377 2629 9199999999
407 2565 480 2646 quid
510 2565 570 2630 sibi
598 2565 678 2630 nolit
706 2584 767 2631 non
802 2568 924 2644 9999199,
955 2568 1016 2633 nisi
1044 2587 1080 2632 en
1107 2567 1204 2632 919999
1226 2565 1369 2630 dertonae

232 2685 333 2733 errore
354 2685 372 2732 9
387 2667 578 2733 (19999199999
600 2670 801 2752 praeceptum
817 2688 883 2733 esse
899 2670 1090 2736 conceditur.
1107 2707 1149 2718 -
1163 2669 1207 2733 ib.
1223 2668 1300 2734 126
1320 2672 1368 2751 (99

233 2773 316 2854 aeta)
342 2770 454 2838 nocnlc
481 2773 510 2835 99
538 2775 573 2836 nt
596 2771 673 2838 alibi
696 2773 950 2851 9919920914.
973 2774 1046 2853 211,
1065 2774 1114 2838 14.
1137 2773 1212 2849 400,
1232 2772 1260 2838 9.
1284 2773 1366 2850 403,

230 2875 258 2939 1.
282 2875 355 2950 408,
379 2874 432 2940 22.
464 2873 644 2953 clauo
671 2875 750 2940 19199
779 2875 919 2959 inrepsit.
942 2915 984 2924 —
1005 2876 1078 2956 231,
1102 2875 1222 2957 9(9999
1243 2873 1368 2938 ailiam

229 2977 364 3059 superba
391 2977 545 3059 9999919999,
575 2979 604 3042 99
625 2976 703 3060 pias
725 2998 747 3040 a
769 2978 950 3060 poterrtrbas
979 2999 1076 3060 quara
1101 2977 1197 3043 999999
1214 2981 1366 3058 praesto-

230 3089 294 3153 19999
281 3092 346 3172 999)
372 3089 425 3154 ubi
448 3091 474 3154 Β
500 3089 529 3153 si
551 3089 630 3170 plus
652 3089 787 3172 simplex
809 3111 830 3202 a
852 3091 991 3173 praebet,
1020 3090 1156 3171 simplex
1179 3109 1214 3154 en
1235 3108 1264 3152 sr
1258 3087 1369 3169 pias

230 3236 355 3302 coctum
380 3253 446 3300 esse
468 3235 531 3300 99
522 3254 553 3299 m
577 3237 682 3302 9999199
683 3255 745 3320 ppo
768 3193 902 3320 9999999199
917 3257 939 3302 9
960 3238 1100 3306 extitisse
1122 3235 1280 3320 probabile
1299 3242 1366 3314 est,

229 3351 264 3414 ut
287 3346 369 3412 19199
391 3347 536 3414 noceboli
558 3346 691 3412 alicuine
720 3348 822 3430 specie
852 3348 999 3432 deeeptus
1028 3347 1176 3414 librarius
1199 3345 1367 3430 archetypi

229 3469 281 3534 nel
310 3467 423 3533 codicis
446 3468 473 3532 B
499 3469 621 3550 saepius
650 3470 768 3534 erreuit
796 3468 959 3535 scribendo
982 3488 1008 3534 e.
1032 3487 1062 3552 g.
1085 3467 1160 3541 312,
1182 3468 1203 3531 6
1225 3466 1281 3531 rori
1301 3486 1368 3549 pro

229 3571 376 3654 99991999,
409 3570 484 3649 384,
506 3572 543 3637 21
577 3573 691 3655 profici
723 3591 779 3656 pro
807 3572 969 3656 profetiei,
1003 3570 1027 3638 0
1049 3571 1083 3636 II
1107 3571 1156 3652 11,
1181 3570 1199 3633 1
1228 3569 1282 3635 scd
1303 3589 1370 3636 9999

228 3671 431 3754 triumphares
452 3691 508 3757 pro
530 3674 576 3740 sie
599 3681 741 3742 9999999999
760 3675 875 3757 perede,
897 3673 1078 3753 (111302
1101 3673 1145 3737 ud
1165 3673 1277 3738 moats
1298 3691 1362 3755 pro

228 3777 380 3855 admotis;
411 3794 510 3860 neque
538 3778 632 3843 aliter
652 3779 704 3862 44,
727 3779 770 3844 25
799 3778 958 3845 ecelesiam
979 3776 1106 3855 99418,
1129 3774 1151 3840 19
1171 3795 1242 3858 erpo
1262 3773 1370 3841 19999999·

229 3882 321 3945 eunte
351 3881 427 3944 sunt
453 3917 490 3930 -
507 3881 580 3965 343,
599 3881 642 3947 20
667 3883 722 3965 (ad
738 3882 938 3964 patientiam
959 3878 1079 3946 laboris
1099 3883 1234 3958 tempore
1251 3877 1309 3942 9999
1323 3884 1369 3942 ue

227 3984 404 4048 necessitati
418 3987 453 4048 99
468 3985 631 4068 sufficeret,
653 4003 766 4065 corpas
785 3985 924 4066 optauit)
949 3985 1077 4065 propter
1098 3982 1177 4050 hene
1199 3981 1315 4047 codicis
1332 3983 1366 4046 B

228 4083 393 4152 lectionem
395 4106 493 4170 quae
504 4089 628 4154 subluto
640 4090 742 4174 priore
752 4092 787 4153 ut
800 4092 937 4167 sanetur,
947 4087 1057 4152 Schott
1057 4105 1094 4151 ns
1106 4082 1369 4167 peruersiesimes

180 4255 186 4270 ,
226 4187 473 4254 coniectoresot
441 4191 500 4256 9919
521 4196 550 4256 99
571 4192 764 4257 morositatis
784 4195 829 4277 999,
852 4192 947 4257 999999
967 4186 1364 4256 mercenarorium.

226 4291 322 4357 simili
349 4309 451 4358 errore
480 4295 554 4375 261,
580 4296 618 4359 11
648 4315 687 4360 ae
714 4298 788 4361 ente
810 4313 897 4360 serus
923 4295 1072 4360 iteratum
1094 4295 1151 4357 est.
1175 4289 1316 4367 -418
1339 4291 1370 4356 5
