2934 4934
315 405 429 474 Opnse
448 404 479 459 V.
503 400 783 457 Eucharistionm
800 401 836 454 de
854 401 929 454 nita
946 415 1012 453 sua.
1166 398 1231 466 395

104 597 192 678 gregi
214 597 343 678 ignarus
367 592 560 658 uenerandac
588 590 791 675 professionis
811 590 1000 656 indideram:
1031 587 1232 656 delectabant

104 698 242 764 carmina
278 697 438 780 quadratis
476 696 628 762 lubricata
664 693 830 778 partiendis
867 696 899 757 et
935 693 1080 759 ordinata
1116 691 1232 774 pedum

103 802 258 866 uarietate
280 800 428 866 solidata:
463 798 647 882 augelorum
676 797 778 862 choris
799 814 851 862 mo
870 795 990 862 dunum
1012 796 1070 860 aut
1088 796 1231 862 tenerum

102 922 215 988 poema
236 904 396 983 miscebat,
426 903 458 967 et
480 904 506 968 si
530 902 696 980 euenisset,
727 901 765 967 ut
788 918 885 965 wem
906 898 1061 964 clarorum
1084 913 1232 965 namnum

83 1011 226 1072 ssoruata
248 1007 317 1090 lego
340 1005 507 1090 formator,
536 1007 595 1072 sub
622 1004 756 1088 pedibus
783 1003 863 1068 mois
885 1001 1062 1068 subiectum
1083 1001 1231 1085 quioquid

102 1095 190 1174 caeli
203 1110 320 1194 tegitur
344 1127 400 1174 are
424 1107 600 1174 cernebam.
637 1107 781 1190 ineptum
803 1105 857 1171 diu
879 1104 1038 1170 uolutauit
1059 1106 1126 1172 uita
1146 1121 1231 1169 mor·

101 1213 175 1277 talis
198 1213 230 1278 et
252 1213 338 1278 certa
365 1211 563 1277 miseriarum
595 1211 728 1278 caecitas
751 1211 790 1275 de
819 1209 901 1274 falsa
927 1209 1051 1274 dicendi
1079 1207 1230 1276 felicitate

101 1314 280 1398 perextulit.
314 1317 457 1399 quotiens
481 1315 729 1381 adclamantium
751 1313 878 1379 flatibus
900 1315 1026 1395 propter
1047 1310 1232 1394 religiosam

100 1423 209 1484 uertex
240 1417 377 1492 nudatus
410 1417 566 1483 intumuit
593 1419 626 1483 et
652 1417 857 1483 mendacibus
887 1415 1043 1481 labiorum
1071 1415 1158 1482 lusus
1180 1414 1230 1480 in·

70 1519 234 1586 cleastris
256 1521 388 1587 credidit
416 1539 553 1587 amorem
576 1521 625 1586 sui
647 1520 833 1587 habentium
862 1519 1040 1603 pectoribus
1062 1519 1230 1602 imperari?

101 1625 136 1688 tn
158 1613 280 1704 annm,
305 1625 356 1707 qui
380 1624 413 1689 in
436 1624 530 1691 caelis
553 1624 694 1704 habitas,
717 1624 877 1690 irridebas
898 1642 968 1688 me:
996 1624 1031 1688 tu
1054 1641 1147 1705 quem
1168 1639 1230 1688 non

101 1723 257 1792 deliniunt
284 1727 383 1794 uerba
411 1729 466 1793 sed
492 1731 630 1812 puritas:
658 1734 694 1793 tu
725 1728 807 1811 apud
837 1746 930 1811 quem
957 1745 1048 1810 saepe
1076 1726 1159 1792 muti
1181 1727 1229 1792 lo·

101 1831 227 1912 qnimnr
254 1833 286 1894 ct
320 1829 490 1896 clamantes
526 1837 675 1897 tacemus.
714 1833 761 1898 sic
793 1833 869 1897 dum
901 1849 952 1896 me
986 1827 1231 1896 concinnationis

101 1933 327 2015 superfinaein
359 1933 521 2002 rhetoricis
549 1936 582 2001 et
610 1933 741 2019 poeticis
769 1934 891 2017 campis
917 1933 1004 2016 lepos
1032 1933 1181 2016 agimret,
1211 1950 1230 1998 a

70 2053 175 2100 reuera
207 2035 361 2119 sapientia
395 2037 563 2103 mentitam
600 2039 725 2107 secutus
763 2038 991 2117 abscesseram,
1030 2035 1111 2100 nihil
1144 2035 1231 2102 alind

101 2131 229 2222 cupiens
265 2135 328 2204 nisi
358 2140 442 2204 auris
469 2157 569 2206 uanae
598 2141 788 2206 laudationis
811 2141 988 2223 adsurgere.
1026 2140 1096 2204 erat
1122 2135 1230 2205 orandi

100 2241 273 2322 fastidium,
297 2246 373 2310 dnm
395 2244 561 2327 perorandi
583 2243 711 2309 tenebar
732 2243 916 2327 cupiditate,
946 2242 1088 2308 merceri.
1122 2241 1230 2308 infelix

101 2363 155 2429 ego
180 2347 291 2413 homo!
314 2347 383 2430 quis
406 2363 457 2412 mo
478 2349 636 2429 repararet
651 2349 688 2411 de
704 2363 830 2430 corpore
852 2348 963 2411 mortis
986 2346 1103 2412 huius?
1128 2345 1231 2427 gratia

100 2451 158 2536 dei,
182 2449 379 2515 medicabilis
403 2449 506 2515 morbi
527 2467 673 2515 concessa
694 2449 880 2515 ministerio.
915 2468 989 2516 nam
1011 2468 1081 2515 ecee
1103 2451 1230 2530 reponte

68 2553 137 2617 aad
160 2554 268 2618 sedem
290 2554 412 2620 animas
434 2553 633 2620 formidantis
657 2554 745 2619 dolor
766 2556 927 2637 ingressus
942 2556 974 2618 et
989 2555 1112 2618 secreta
1127 2551 1230 2622 cordia

98 2655 205 2721 bosdli
228 2656 319 2738 pauit
339 2655 499 2722 incendio:
524 2659 601 2722 tuno
624 2655 772 2740 quiequid
795 2656 888 2722 homo
912 2661 960 2722 est
990 2656 1058 2740 iugi
1081 2670 1229 2721 consene-

98 2759 204 2824 scebat
228 2759 337 2823 ardore
353 2761 386 2824 et
400 2776 455 2840 per
479 2759 583 2824 aditus
604 2760 763 2826 naturales
786 2760 885 2825 ooctio
907 2777 941 2824 se
963 2759 1089 2826 interna
1110 2775 1229 2824 resera·

98 2862 161 2927 bat.
198 2875 272 2925 nam
294 2857 368 2924 dum
393 2879 410 2925 e
432 2862 561 2928 latebris
584 2861 649 2927 suis
671 2862 843 2945 pelleretur
864 2863 1060 2946 adrogantia,
1084 2859 1230 2942 quamuis

98 2964 201 3028 adbuc
221 2963 327 3044 aliqua
348 2965 385 3028 de
408 2964 642 3048 superstitioso,
670 2970 778 3030 nmen
805 2965 869 3031 iam
892 2965 930 3029 do
953 2963 1126 3046 superstite
1149 2963 1229 3030 nibil

202 3167 233 3222 11
252 3166 288 3222 ol.
305 3165 351 3224 ΡΒ.
367 3166 394 3233 2,
412 3167 430 3222 4
534 3166 567 3224 12
585 3166 620 3222 of.
638 3166 715 3226 Rom
734 3167 759 3232 1,
777 3166 812 3220 24

147 3353 161 3407 1
188 3351 337 3408 ucnmaude
360 3353 388 3407 Β
491 3352 676 3408 inaddideram
700 3354 760 3421 (alt.
785 3354 795 3409 i
814 3359 894 3422 corr.)
916 3355 945 3409 Β
1049 3355 1066 3408 2
1089 3355 1228 3424 perticalis

101 3437 133 3491 l⁷¹
237 3439 255 3492 3
278 3437 383 3492 soldste
405 3439 433 3493 Β
535 3439 553 3494 4
575 3454 686 3508 possm
704 3439 732 3494 Β
835 3440 852 3495 6
869 3439 997 3496 mortales
1016 3439 1043 3496 Β
1145 3439 1229 3494 sne·

97 3525 200 3593 git-ibus
225 3525 264 3593 Β,
291 3524 432 3594 plausibus
457 3527 526 3580 cossi.
546 3525 672 3580 Scbottsce
775 3528 792 3582 9
815 3528 902 3581 uertix
927 3526 955 3581 Β
1058 3525 1228 3579 mendatibus

96 3610 122 3664 Β
227 3611 333 3667 inlusus
354 3611 419 3677 fort.
522 3611 557 3666 10
579 3611 665 3678 credit
686 3612 715 3666 Β
818 3612 955 3680 abentium
980 3613 1009 3667 Β
1111 3611 1228 3681 inperari

96 3696 122 3750 B
228 3697 261 3752 12
278 3697 415 3752 deliniunt
431 3697 465 3762 Ρ,
494 3697 626 3752 diliniunt
643 3697 754 3753 ΒΙὶΤῑ7
853 3701 901 3752 tua
924 3699 952 3753 Β
1054 3699 1087 3753 14
1104 3698 1228 3753 retorieis

97 3817 123 3871 n
226 3818 356 3887 poenes
378 3817 418 3882 n,
444 3790 543 3888 po'ucs
566 3818 594 3873 n
696 3820 773 3890 repe·
795 3819 845 3873 so
948 3820 980 3874 1c
1004 3833 1086 3873 uenas
1108 3819 1158 3873 no

96 3902 264 3958 laudationes
282 3902 309 3957 Β
326 3905 352 3971 (e
370 3919 442 3959 corr.
461 3904 587 3972 atdans)
606 3905 623 3959 b
725 3905 869 3976 adsurgere
885 3905 922 3972 Β,
950 3907 1075 3973 occupari
1092 3905 1226 3971 nPrVo,

96 3991 223 4060 aucupari
249 3991 331 4044 Stra.
359 3989 484 4059 idoneae
508 3990 635 4046 &bottsca
657 3991 728 4049 cocti.
832 3992 899 4061 erat]
927 3995 955 4046 et
981 3992 1010 4046 Β
1111 3989 1228 4063 ponendi

96 4075 139 4140 (ab
156 4076 188 4129 iss
206 4077 275 4144 rus.)
298 4075 321 4128 L
423 4075 458 4130 17
482 4075 700 4146 cupiditate-p.
719 4080 781 4141 396,
799 4079 837 4131 25
854 4077 959 4131 reducit
976 4093 1026 4132 om.
1037 4077 1073 4130 Β
1089 4077 1137 4144 fol
1157 4079 1225 4132 192*

95 4175 184 4215 aeaco
206 4160 301 4215 relicto
404 4159 527 4230 mereari]
551 4161 695 4216 inculcet
718 4161 848 4216 saeculari
865 4161 946 4229 fort,
973 4179 1013 4217 aa
1036 4161 1141 4216 leodem
1158 4170 1227 4217 mer·

95 4243 176 4301 cari?
278 4241 310 4299 21
332 4247 373 4300 set
392 4245 453 4300 Te.
470 4246 486 4300 1.
505 4249 576 4301 aaa
678 4248 712 4300 22
729 4247 864 4302 naturalis
883 4247 993 4303 LPTV
1092 4249 1227 4304 rescrebat

96 4329 128 4384 Τ·
232 4329 267 4386 23
285 4333 358 4402 nam]
377 4348 430 4387 non
449 4334 476 4388 L
579 4338 607 4389 et
625 4336 750 4404 quamuis
771 4336 797 4390 Τ
