2934 4934
242 350 305 418 264
600 345 713 414 Magni
729 343 859 400 Felisir
875 341 1008 400 ltnnoii
1063 393 1068 402 .
1105 395 1109 400 .

242 539 368 624 ignotus
390 539 439 604 est
460 538 550 622 algor
572 535 728 621 Scythiae,
751 554 815 601 uon
836 535 964 602 Meroen
985 535 1041 603 ant
1062 533 1211 602 anhelum
1226 533 1365 600 susem

242 640 396 710 Cunerum
418 643 455 706 ut
476 639 608 707 alteriue
623 657 782 722 possessor
803 638 886 705 orbis
904 641 1044 723 ignoras:
1066 637 1204 705 diuisisti
1218 641 1367 704 uniuersa

242 743 413 830 subigendo
429 761 508 827 ques
522 743 613 810 uobis
628 744 681 810 nir
696 742 808 812 auditu
821 744 998 828 patuerunt
1014 742 1091 810 haee
1105 741 1233 825 quitum
1248 741 1366 808 meiere

241 847 317 911 sunt
338 847 477 913 homine:
506 847 562 913 sed
584 845 640 930 quir
660 847 700 912 ed
720 846 833 914 mundi
850 847 981 929 paratur
1009 844 1219 930 gubernaeuls
1238 861 1365 912 neeesse

242 954 289 1016 eet
311 951 348 1014 ut
367 949 525 1017 uniuersis
546 949 655 1016 ueniat
676 948 854 1016 sardinibue
882 949 1060 1016 institutus.
1094 948 1189 1014 nimie
1218 947 1368 1014 uelociter
1386 971 1397 1012 e

241 1057 377 1136 tempus.
392 1056 533 1120 maturae
559 1053 661 1120 leudis
689 1053 816 1135 eiripui
842 1056 874 1118 et
907 1053 995 1136 quasi
1025 1070 1091 1118 nun
1120 1051 1153 1116 in
1186 1049 1366 1134 primordiis

240 1153 355 1222 fluuius
382 1156 479 1224 eiiam
505 1157 659 1223 'terrentis
687 1156 815 1222 iatieeat
847 1154 982 1240 ingenii,
1017 1154 1063 1222 sie
1092 1173 1153 1238 psr
1179 1153 1367 1220 narrationis

240 1260 357 1331 famem
370 1257 477 1345 fruges
492 1259 649 1344 perfeetue
664 1260 779 1327 sumtis
789 1261 900 1327 iuueni.
921 1260 1099 1326 laurearum
1110 1258 1234 1325 ordines
1244 1259 1368 1340 quaerit

240 1364 295 1446 qui
317 1364 349 1428 at
371 1361 534 1431 eeleritme
555 1381 663 1430 earum
685 1366 851 1446 superatur
872 1366 906 1428 et
928 1379 1067 1430 numero.
1097 1361 1190 1429 eitius
1212 1380 1231 1427 a
1252 1364 1295 1439 te,
1319 1361 1368 1426 in·

231 1464 431 1546 'nubemus
460 1464 597 1550 iusignia
626 1483 704 1549 quae
733 1465 904 1532 reteximus
929 1465 1065 1548 impleta
1092 1469 1167 1530 eunt
1193 1479 1289 1547 quern
1318 1463 1399 1528 ‹ti-u

241 1571 360 1634 eantur.
405 1571 474 1651 quis
496 1569 581 1635 ferat
601 1569 634 1634 in
655 1569 816 1652 guium
842 1586 972 1635 suorum
998 1567 1171 1635 elesutisne
1197 1571 1366 1649 torperem,

239 1689 332 1754 quem
353 1671 388 1736 in
410 1669 531 1737 estisne
553 1689 617 1736 non
647 1671 804 1754 pertulit?

248 1792 436 1859 *seruauit
452 1775 489 1858 =te
510 1793 545 1856 in
566 1793 688 1878 grenus
710 1791 878 1858 siuilitetie
899 1778 1033 1861 Greseie
1051 1809 1201 1875 praesage
1220 1791 1366 1856 uenturi:

240 1913 333 1978 quem
355 1895 402 1960 ita
422 1896 597 1979 ingressum
627 1895 712 1960 uitem
741 1895 839 1960 limen
860 1894 1014 1976 eruduit,
1041 1897 1079 1960 ut
1105 1897 1181 1962 dum
1202 1894 1308 1960 adhue
1329 1893 1368 1960 de

239 2015 334 2082 puers
355 1996 491 2065 haberet
514 1998 725 2077 bileritatem‚
752 1985 825 2064 mer
853 2015 924 2064 eam
951 2001 1134 2082 sequeretur
1155 1999 1309 2064 essuritss
1329 1999 1399 2063 des

240 2102 352 2166 tutore.
376 2101 477 2168 adhue
494 2101 528 2166 iu
551 2117 626 2167 eane
641 2101 718 2166 fiere
738 2102 870 2184 degebas
884 2101 1113 2168 asulseeutiee
1133 2119 1191 2167 nes
1209 2101 1368 2166 uirtutum

240 2219 373 2296 messem
394 2204 514 2270 laeteris
543 2204 617 2270 ente
646 2203 891 2289 experimentum
918 2205 1042 2270 enimus
1066 2205 1234 2280 attulerat,
1266 2205 1368 2270 sibus

240 2305 357 2372 blande
377 2309 445 2372 erat
467 2307 570 2392 imago
591 2306 786 2390 pubescentis
808 2325 866 2373 neo
890 2307 1016 2391 tingens
1037 2307 1151 2373 iesiem
1172 2309 1290 2392 lanugo
1311 2327 1368 2374 ue·

240 2407 353 2475 stibat:
376 2411 502 2492 qusnde
525 2409 596 2476 seui
611 2427 750 2496 purpure
764 2415 795 2476 et
808 2409 956 2478 floesulus
973 2411 1222 2494 superuenientis
1242 2410 1368 2494 imperii

239 2509 443 2596 promittebat
474 2511 617 2579 sollicitis
640 2517 678 2580 de
698 2501 821 2597 gratiss
846 2515 1079 2580 ssnmutstione
1099 2517 1266 2590 terrorsm,
1295 2529 1399 2580 sums

240 2615 280 2681 ab
302 2615 518 2698 probationem
533 2615 654 2683 rebonis
669 2620 701 2682 et
716 2615 904 2683 elementiae
917 2617 992 2682 tuae
1005 2617 1107 2699 mptis
1124 2615 1261 2683 uiuentis
1280 2617 1368 2682 furor

239 2719 366 2784 emicuit
380 2720 414 2785 et
432 2718 622 2786 euieesretes
643 2717 794 2785 diuturna
808 2718 914 2801 quiete
933 2720 1054 2785 mentm
1069 2721 1237 2786 suessionis
1252 2717 1367 2802 pabule

238 2819 431 2905 subiugauit.
462 2824 552 2906 pulsa
579 2823 627 2890 est
647 2824 802 2905 extemplo
822 2822 1002 2906 pniueipsiis
1024 2821 1101 2888 urbe
1129 2823 1308 2888 reuerentia
1333 2826 1368 2887 et

238 2922 271 2987 in
294 2939 426 2989 nseuam
450 2925 676 3009 pussessionem
697 2924 786 2991 nullo
806 2923 944 2990 adsutus
965 2927 1117 3010 sanguine
1137 2925 1292 3009 tyrsunue
1311 2943 1368 2991 as·
1439 2966 1440 2975 κ

291 3243 304 3296 1
329 3210 430 3314 supine
448 3243 488 3312 Β,
518 3245 600 3300 eithie
617 3221 684 3300 Μ·
789 3223 875 3302 meree
892 3243 942 3302 Bb
1044 3261 1098 3302 nau
1120 3221 1229 3302 amtibi'
1242 3263 1366 3304 murrum

237 3335 374 3394 meare
391 3337 420 3391 B
444 3353 477 3394 su.
497 3353 550 3394 res.
568 3355 638 3408 paese
661 3343 766 3394 nestum
789 3341 1019 3412 suprascripsit,
1045 3341 1183 3397 resumo
1287 3344 1366 3398 melu

237 3429 265 3486 L
360 3432 538 3502 inuisersis]
557 3432 664 3504 iniquus
681 3433 709 3489 L
805 3435 969 3505 tpimsrdir
985 3436 1024 3491 Π
1119 3435 1253 3492 'iast'nm
1270 3437 1299 3492 L

236 3526 407 3584 nmine
499 3527 589 3584 essu
608 3529 635 3584 n
722 3513 1160 3598 superuenientibus
1251 3531 1367 3588 noete

235 3622 732 3693 rimus(erseirsteet‹teerr;)B
828 3625 1145 3695 spusennes
1237 3626 1367 3698 ligne·

236 3713 872 3798 uroe·.}enn‚greuan,grauan
967 3717 1366 3801 nummisma,

233 3828 330 3899 ingens
347 3827 387 3898 bp
473 3817 531 3884 lum
551 3831 577 3885 T
665 3831 698 3885 15
716 3827 836 3901 liaberet]
854 3819 886 3887 iit
906 3834 932 3888 Τ
1027 3833 1123 3888 sumt
1226 3836 1260 3889 16
1276 3836 1368 3892 stub-

235 3923 399 3981 sssutirsB
502 3921 534 3978 17
552 3925 709 3980 laeteusH
811 3927 844 3982 18
859 3926 1023 3996 pubisseutis
1041 3929 1110 3983 B·
1160 3927 1272 3998 einms
1289 3931 1366 3998 sort„

232 4017 797 4090 sempersenmper
911 4021 1154 4079 letiussuiurB
1264 4024 1366 4094 inperii

234 4103 263 4158 Β
366 4103 616 4176 elusissent
719 4105 918 4177 nborieBbp
1019 4109 1367 4178 senmourma-

234 4203 320 4246 rsrem
338 4190 474 4248 mieuitb
576 4190 612 4246 22
636 4192 834 4250 massus
936 4195 1035 4252 mentis
1055 4194 1086 4252 B
1188 4195 1224 4257 2³
1245 4197 1366 4266 empse

233 4274 261 4330 L
362 4275 610 4334 iiussusBLM
709 4278 884 4349 munus
