2934 4934
248 368 311 435 130
607 364 720 433 Magni
738 363 866 419 Felicia
884 363 1015 419 anneus

246 556 391 639 equidem
404 555 625 621 miserenum
637 571 743 619 rerum
766 555 913 621 suenda:
938 554 1072 637 configit
1085 554 1212 633 tamen,
1226 553 1377 621 aiue'rba·

246 660 387 742 deneges,
409 657 482 740 plus
495 656 658 741 pudenda
683 674 776 739 saepe
797 656 1022 721 etiameuenit
1037 658 1074 721 ul
1097 655 1277 739 irmunten
1294 656 1372 722 scri-

247 764 354 828 bentes
371 760 480 826 minas
501 759 653 843 diligant:
681 762 990 841 numquamztumen
1012 761 1161 835 meane,
1175 761 1239 824 auc.
1254 760 1388 843 ahquid.

246 864 369 930 caritati
391 865 530 930 reseruet
552 865 606 945 qui
626 863 667 926 iu.
681 863 835 944 perpetua
850 862 1067 929 taciturnitate
1082 863 1242 945 perduret.
1269 864 1373 945 potest

245 968 332 1034 nasci
359 968 397 1032 de
427 964 649 1049 epistolaribus
677 965 903 1031 blandimentis
937 964 1146 1050 ambiguitas:
1181 968 1269 1032 certa
1296 967 1407 1032 fidesr

245 1078 293 1139 est
315 1071 354 1137 ab
378 1089 432 1146 eo,
455 1072 509 1153 qui
531 1072 636 1136 seruat
659 1070 833 1148 silentium,
857 1086 919 1133 non
942 1069 1051 1135 amari.
1080 1070 1157 1135 haee
1179 1070 1268 1145 sunt,
1293 1086 1372 1151 quae

244 1175 277 1240 in
300 1172 502 1239 festinatione
521 1172 690 1255 perlatoris
712 1172 795 1237 celer
822 1173 952 1254 scripsi,
966 1174 1107 1255 geminis
1135 1172 1272 1238 stimulis
1294 1172 1374 1237 inci-

245 1280 333 1347 tatus
355 1278 408 1344 uel
429 1276 663 1363 properationis¹
689 1276 787 1353 baiuli
814 1278 865 1362 uel
887 1276 1008 1359 doloris.
1053 1294 1124 1359 ergo
1145 1274 1247 1344 aedo
1270 1276 1375 1358 animi

244 1381 308 1447 mei
329 1365 470 1448 remedia
490 1381 715 1468 incunctanter·
730 1377 885 1459 adhibete,
912 1381 949 1445 ut
970 1379 1113 1462 quamuis
1136 1378 1373 1469 defuerintba·

245 1488 354 1553 etenus
377 1483 538 1574 affectioni
560 1482 677 1573 pabula
699 1499 764 1559 sua,
795 1480 827 1545 in
853 1464 987 1548 statione
1011 1498 1076 1547 esse
1092 1485 1198 1547 tamen
1219 1480 1408 1567 promissam

245 1587 359 1668 caritas
378 1587 565 1656 innoteseat.
610 1584 742 1656 domine
759 1586 823 1661 mi,
854 1583 989 1649 salutem
1016 1584 1234 1667 plenissimam
1264 1584 1371 1660 dicens
1390 1584 1411 1659 ’,

245 1709 367 1773 quaeso,
390 1693 426 1760 ut
449 1687 655 1778 expectationi
675 1706 764 1764 meae
785 1687 867 1769 quod
883 1685 999 1753 sufficit
1018 1687 1163 1770 loquendi
1178 1687 1371 1770 peritissimo

245 1811 307 1859 uon
328 1795 489 1885 uegetam·¹
590 1884 595 1890 .

368 2092 372 2097 ²
467 2088 480 2199 J
499 2078 685 2191 amenus
710 2132 922 2197 uoauuneu
947 2131 1114 2191 uincens.
1386 2143 1411 2183 a

268 2256 409 2322 'Nullus'
427 2260 606 2322 remaneret
637 2258 792 2340 imperitis
820 2257 908 2351 locus
936 2256 1059 2353 ueniae,
1081 2257 1117 2320 si
1144 2255 1235 2338 plura
1264 2254 1375 2336 leque·

244 2362 367 2425 rentur:
391 2353 621 2425 sola³breuitas
643 2360 843 2425 commendat
864 2357 1025 2424 indoctos*
1048 2376 1142 2441 snpra
1165 2373 1300 2423 errorem
1321 2360 1375 2421 eet

244 2463 364 2545 prolixa
384 2462 525 2528 narratio
540 2462 737 2529 rusticantis:
761 2465 883 2544 quando
906 2461 944 2527 ab
961 2462 1070 2545 ignaro
1094 2462 1251 2529 extortum
1273 2460 1375 2526 fuerit

243 2565 325 2647 quod
347 2565 401 2631 diu
424 2566 563 2651 legatur,
593 2565 654 2630 sibi
676 2580 839 2630 rancorem
867 2582 957 2629 suum
988 2564 1081 2629 debet
1108 2567 1238 2631 ueecr
1284 2564 1377 2646 quis·

243 2688 378 2752 quamne
406 2670 570 2735 hominum
600 2669 634 2734 in
662 2669 792 2751 longum
827 2670 897 2742 uult
926 2665 1117 2738 fastidienda
1145 2666 1307 2750 procedere
1342 2672 1412 2733 etan

243 2773 330 2838 nullo
344 2791 452 2856 sapore
469 2773 595 2838 condita
609 2770 720 2837 breues
736 2770 885 2837 terminos
902 2788 962 2835 non
981 2771 1125 2855 haberei.
1137 2770 1279 2835 Romana
1300 2768 1374 2855 hnc,

243 2875 351 2957 stater,
374 2879 406 2940 et
428 2868 561 2941 nimium
586 2873 702 2940 artifici
723 2873 901 2939 subtiIItate
923 2870 1090 2959 flagitasti:
1113 2872 1167 2937 sed
1190 2888 1245 2938 nos
1261 2872 1376 2959 contra

243 2978 409 3044 fabricatos
431 2980 534 3043 munit
548 2964 744 3060 'simplicitas
767 2962 864 3041 nullis
888 2976 1027 3042 colorata
1040 2975 1227 3060 praestigiis.
1252 2975 1374 3041 etenim

244 3082 388 3161 quamuis
411 3099 460 3144 me
483 3079 648 3145 delenifica
670 3078 819 3164 epistolae
842 3078 913 3144 tuae
932 3080 1069 3144 oratione
1092 3080 1282 3161 produxeris,
1305 3079 1374 3144 mei

243 3184 457 3248 immemorem
480 3199 541 3247 non
565 3182 677 3247 fecisti.
715 3182 779 3247 scio
801 3185 904 3247 artam
926 3181 1091 3266 paginam,
1119 3181 1208 3247 cuius
1229 3181 1412 3264 pretiuma

242 3283 457 3368 promulgator
479 3272 638 3369 intellego.
684 3284 808 3352 noueris
832 3304 884 3349 me
905 3286 1010 3350 tamen
1039 3285 1117 3349 meis
1140 3283 1283 3368 partibus
1304 3302 1374 3349 non

242 3389 363 3466 deesse,
386 3388 540 3471 'quamuis
571 3389 661 3452 u'ocet
694 3386 727 3452 in
760 3388 899 3453 medium
932 3387 964 3453 et
997 3388 1132 3453 urbanus
1166 3380 1197 3453 et
1225 3386 1377 3453 clericus.

242 3488 296 3556 sed
311 3481 386 3573 qnid
401 3491 535 3573 produco
550 3490 708 3574 paginam,
725 3492 811 3556 cuius
827 3483 966 3572 superius
981 3489 1162 3575 angustiam
1174 3489 1374 3575 pollicebar?

243 3592 318 3661 haee
333 3594 415 3661 mihi
430 3612 501 3666 oum
519 3597 647 3661 amante
662 3595 866 3674 concertatio:
889 3594 961 3659 talis
980 3592 1101 3660 fruetus
1116 3594 1164 3659 est
1179 3593 1375 3661 liberarum.

293 3831 459 3902 ddenegtu's
476 3830 508 3887 I)
602 3832 772 3899 buunquam
793 3830 848 3886 TV
938 3828 1214 3895 auennensem·
1269 3828 1378 3884 iinci-

240 3954 325 4022 ccue]
338 3951 476 4023 ‘wracen
487 3952 513 4005 n
603 3951 772 4006 operuerint
792 3953 813 4023 (a
830 3968 865 4007 ec
882 3967 896 4006 ο
914 3954 995 4022 corr.)
1013 3951 1041 4007 u
1145 3952 1176 4006 11
1195 3915 1223 4003 d
1243 3950 1274 4017 r,
1301 3951 1379 4005 mins

241 4057 298 4113 LV
399 4054 714 4129 recuperationis?

292 4142 356 4235 xil.
393 4179 426 4234 15
444 4179 579 4235 hormisde
598 4179 624 4233 Τ
710 4180 743 4234 18
760 4179 869 4249 ignarae
887 4179 914 4233 L
1000 4142 1166 4233 exortumT
1254 4177 1289 4231 24
1306 4193 1376 4247 prc-

240 4298 383 4355 uxeran
480 4265 1097 4368 mnrroin‚1lecminrnrcc,msv
1180 4298 1405 4353 muna..
