2934 4934
117 337 125 351 ‘
233 331 297 400 364
592 329 707 398 Magni
724 328 851 386 Felicio
868 327 1002 409 Enuodi

233 521 304 588 tuoe
324 519 409 588 nuda
436 519 655 588 aestimatione
682 517 851 603 pensabat:
877 518 1064 587 solaciorum
1091 522 1220 588 tuorum
1240 517 1365 604 pondus

234 623 337 692 omnia
358 623 498 691 bellandi
520 623 688 707 apparatus
711 624 864 689 enetiuere
885 623 1073 690 conualuit.
1110 623 1253 706 quotient
1274 621 1368 688 utili·

233 727 352 794 tatibus
380 728 443 792 tuie
472 744 524 791 aer
551 724 617 809 ipae
639 724 798 805 seruerit,
830 726 858 790 ei
879 742 1038 802 rooeueee,
1067 723 1129 791 tibi
1151 724 1232 792 caeli
1254 744 1369 792 eatena

232 829 425 909 militarunt,
463 829 522 897 tibi
560 845 695 896 munera
730 825 855 910 pluuias
891 845 948 912 pro
981 828 1054 894 uoto
1092 826 1253 895 fuderunt.
1291 827 1366 911 quia

232 931 376 1000 resistere
411 931 554 998 dexterae
587 936 660 998 tuae
694 949 788 998 aucae
821 930 882 997 luit
915 931 949 997 at
981 949 1053 998 oum
1086 930 1191 1016 gratia
1227 949 1402 1015 summas

232 1035 407 1120 pugnanti?
430 1034 572 1120 quotiens
596 1034 715 1100 inimici
729 1033 779 1100 tui
795 1032 973 1100 ceciderunt
987 1032 1189 1100 mucronibus
1205 1032 1366 1100 sodalium

232 1142 383 1205 suorum?
410 1137 552 1220 quotiens
573 1136 634 1204 tibi
656 1135 736 1204 uicit
757 1137 812 1219 qui
832 1154 888 1219 pro
909 1137 1048 1204 boetium
1071 1138 1200 1204 tuorum
1222 1137 1366 1204 utilitate

232 1241 397 1308 certabat?
431 1239 479 1308 hie
508 1257 580 1324 ergo
609 1238 697 1306 douie
728 1240 914 1306 caelestibus
948 1238 1198 1306 uicieeitudiuem
1230 1239 1366 1324 inpensa

232 1345 315 1412 ciroa
337 1342 479 1410 homines
501 1342 619 1425 pietate
640 1344 782 1410 restitue
816 1343 969 1430 mysticae
990 1342 1160 1409 oblationis
1181 1342 1366 1410 holocausta

230 1450 304 1514 sunt
326 1446 558 1532 supplicantum
580 1445 728 1512 lacrimae
751 1463 813 1514 uon
835 1447 948 1530 sperui.
965 1528 968 1534 Ι
985 1445 1067 1514 illud
1094 1446 1176 1512 certe
1197 1445 1399 1529 perpendero

233 1552 375 1635 qualibus
397 1550 431 1617 in
452 1567 550 1634 reguo
573 1548 775 1618 euooeseerie:
798 1566 876 1633 quoe
897 1553 940 1629 ei,
964 1551 1001 1616 ιιι
1022 1547 1141 1633 liquet,
1164 1549 1287 1614 malitia
1310 1569 1365 1616 ar·

229 1654 326 1740 pulit,
358 1671 448 1721 ooaue
470 1653 596 1720 illorum
618 1671 744 1721 uaoeeee
765 1657 812 1720 eet
833 1657 871 1718 ut
892 1654 1055 1736 sequentes
1075 1651 1232 1718 informet
1269 1650 1364 1718 ruina

232 1757 485 1843 praecedentium
507 1758 646 1840 posteros
667 1755 777 1824 docet:
811 1755 914 1823 cautio
936 1758 985 1823 eet
1005 1773 1131 1839 semper
1150 1756 1184 1820 in
1204 1753 1364 1837 reliquum

232 1863 338 1945 laprue
367 1859 514 1928 anterior.
551 1877 613 1927 nou
643 1859 711 1927 eine
741 1860 882 1944 exemplo
914 1858 1035 1926 militat
1064 1857 1120 1943 qui
1145 1857 1273 1942 reepioit
1300 1875 1365 1941 qua

233 1982 326 2032 cauea
347 1963 488 2030 decessor
509 1962 630 2030 eiectus
653 1966 712 2030 oet.
745 1961 797 2030 hie
819 1961 903 2030 freta
919 1961 1050 2048 Liguria
1071 1962 1177 2029 ueatm
1198 1960 1396 2028 nobiccumu

231 2065 359 2151 probuea
380 2066 551 2151 supplicat,
580 2067 618 2132 ut
639 2067 747 2152 legum
769 2068 947 2134 neumarum
969 2066 1122 2134 beneficia
1142 2067 1187 2132 cic
1209 2063 1364 2133 tribuatis

230 2167 464 2248 innocentibus,
498 2172 535 2235 ut
566 2171 670 2237 noxios
705 2169 888 2238 abeoluatie.
926 2171 1038 2254 exigua
1071 2169 1120 2236 eet
1151 2170 1233 2252 apud
1267 2170 1363 2236 deum

231 2271 372 2338 nostrum
394 2273 620 2353 misericordia,
640 2273 668 2338 ei
682 2273 755 2342 illoa
777 2276 901 2342 tautum
925 2273 1021 2341 laceio
1044 2291 1105 2341 uon
1125 2276 1284 2358 aequatur,
1307 2273 1363 2358 qui

230 2377 321 2442 reatu
337 2379 457 2442 carent:
475 2377 582 2458 culpae
599 2376 758 2445 dimittere
773 2377 908 2444 caeleate
922 2379 980 2458 eat,
996 2375 1155 2444 uindicare
1168 2377 1362 2442 terrenum’'.

230 2480 300 2562 post
321 2477 398 2545 haec
417 2477 517 2546 siluit.
1370 2497 1395 2538 ιι

271 2600 319 2668 At
350 2599 615 2668 eminentissimus
652 2620 706 2668 rex
743 2601 832 2682 infit,
869 2619 930 2686 quo
966 2599 1114 2685 loquente
1146 2598 1290 2666 adtonita
1322 2597 1362 2664 de

229 2703 393 2772 uoluntate
415 2705 481 2772 eine
503 2705 598 2772 corda
618 2721 715 2787 pauor
742 2702 883 2772 artabatz
919 2704 1080 2787 “quamuie
1101 2703 1147 2781 to,
1170 2701 1361 2770 uenerabilis

230 2809 387 2892 episcopo,
421 2825 476 2889 pro
510 2807 693 2876 meritorum
728 2808 856 2874 tuorum
888 2807 959 2874 luce
990 2806 1160 2890 ampiniana
1192 2809 1226 2871 et
1257 2805 1360 2872 multa

231 2909 313 2992 apud
335 2927 386 2976 me
407 2909 594 2978 confusionis
617 2913 759 2995 tempore
780 2911 970 2994 repoeuieaee
985 2907 1143 2994 banaiam,
1165 2908 1282 2992 quibua
1298 2908 1360 2974 lrui

232 3016 264 3078 te
286 3013 433 3080 conuenit
454 3011 686 3096 tranquillitate
707 3017 863 3096 reuocata,
885 3012 1036 3098 regnandi
1057 3017 1164 3079 tamen
1189 3012 1393 3079 nmaidein

231 3135 292 3199 qua
316 3116 531 3184 concludimur
553 3116 788 3186 misericordiae
809 3135 904 3202 quam
918 3117 1029 3184 cuades
1044 3135 1104 3183 nou
1120 3114 1235 3200 ubique
1250 3113 1359 3200 pandit

280 3358 385 3412 ltuue
402 3355 429 3411 L
532 3357 769 3414 exercitatiouol'
868 3358 1028 3414 solatiorum
1050 3357 1115 3412 iibri
1217 3355 1357 3427 iquotiee

231 3441 477 3513 TVoteicpoeteu
574 3442 746 3499 utilitatebur
762 3443 798 3499 V¹
894 3440 1288 3499 amilittuerunthotdim

228 3537 327 3620 conexa
348 3563 379 3630 V,
405 3563 441 3618 al
458 3565 580 3618 contecta
596 3561 662 3618 odra
681 3563 817 3632 Sctottua
843 3577 958 3618 corruere
975 3563 1031 3632 poli
1048 3565 1128 3632 sort.;
1151 3563 1198 3618 eod
1215 3563 1251 3629 of.
1273 3563 1358 3619 Οιοιι·

228 3683 311 3741 aaa
325 3683 409 3756 aab.
426 3681 514 3752 1191,
532 3685 565 3739 a
582 3685 651 3752 eoa
671 3681 771 3740 neec
868 3685 1010 3740 eruent
1027 3683 1108 3741 erm
1207 3655 1358 3754 apogr-'ar

226 3771 255 3827 L
357 3769 616 3826 8uiceaaitudinem
640 3771 667 3826 B
770 3771 939 3849 9reetituae
955 3771 997 3838 B,
1023 3773 1167 3827 roetituere
1184 3767 1289 3826 ΜΨ

227 3891 335 3962 mistica
357 3891 413 3949 BL
516 3892 829 3964 10eupp1icantium1⁷
929 3894 963 3948 11
986 3865 1055 3978 quo}
1071 3893 1099 3949 B
1202 3895 1235 3948 13
1252 3906 1358 3963 praeoe-

227 3993 337 4050 dentum
354 3993 438 4052 Sirra.
531 3996 564 4051 14
581 3996 694 4052 interior
712 3997 751 4054 11¹
847 3995 880 4051 16
897 3995 1006 4068 proluat
1021 4011 1074 4053 οιιι.
1091 3996 1163 4072 Bell
1191 4041 1197 4045 .
1259 3996 1291 4051 17
1309 3996 1357 4049 do·

227 4081 333 4136 minum
355 4081 383 4138 L
484 4081 517 4136 21
541 4081 576 4137 ad
597 4083 625 4140 B
718 4083 960 4146 ¹emoueutiaeimua
984 4083 1024 4140 Βι
1132 4081 1167 4137 22
1189 4081 1354 4138 nanentilee

227 4159 268 4220 Β·
371 4166 405 4222 23
423 4167 542 4238 epiecope
561 4167 620 4236 (ult.
638 4184 652 4222 e
669 4170 700 4224 ιἰι
716 4170 783 4238 raa.)
801 4167 829 4222 B
928 4167 1073 4238 auecipiam
1095 4168 1130 4224 7¹
1227 4168 1265 4223 24
1280 4183 1353 4238 rapo·

227 4251 321 4308 auiaeie
340 4253 367 4308 B
468 4254 503 4309 26
520 4252 610 4310 erede
627 4251 655 4308 B
