2934 4934
269 398 333 465 100
626 393 741 466 Magni
758 394 886 450 Felicis
903 392 1035 452 Ennodi

267 586 376 653 tioium
389 587 517 669 putetur
539 603 606 650 esse
627 585 682 649 sed
697 586 847 663 debitum,
871 602 943 649 oum
959 583 1116 666 malignus
1139 584 1291 666 interpres
1314 581 1390 648 iudi-

269 689 481 758 tium-sordis
509 694 639 753 naturae
667 686 776 753 subdit
796 686 936 769 imperiis
963 686 996 752 et
1017 686 1130 753 tollens
1158 703 1300 771 saporem
1322 684 1391 750 dili·

268 793 393 879 gsntiae
415 791 482 860 sola
503 792 674 861 iubendum
694 791 786 877 putot
808 790 980 860 obiootione
1003 788 1156 872 pariendi,
1178 790 1301 873 quaudo
1323 790 1391 875 plus

268 895 407 967 subdor
427 894 476 963 fili
498 893 685 964 uocabulum
707 894 927 975 ualerequem
950 892 1134 975 obsequium
1156 894 1188 959 et
1215 910 1276 961 nou
1299 908 1392 975 qnae

266 1000 346 1069 sitnr
368 997 444 1082 quid
465 997 501 1068 in
523 998 638 1068 arnonis
657 996 752 1067 lauoe
771 1014 962 1080 prompuoas,
985 997 1039 1063 sed
1062 994 1153 1079 qualo
1176 998 1214 1069 ad
1235 994 1422 1079 praeiudi-s

268 1102 353 1173 sium
375 1101 691 1173 aestimantiuomeu
712 1117 859 1184 opponas,
889 1118 961 1171 som
982 1101 1065 1181 apud
1087 1098 1253 1183 prudentes
1275 1099 1393 1167 frusta

266 1204 411 1273 subolem
425 1205 567 1283 diurnus,
591 1203 653 1276 nisi
675 1192 799 1271 exhibet
813 1202 895 1286 quod
917 1204 1062 1272 nouatorr
1085 1222 1159 1273 sam
1183 1202 1236 1286 qui
1259 1202 1292 1270 in
1307 1200 1391 1285 prole

268 1326 432 1379 sensuram
462 1306 616 1391 neglegit,
651 1310 833 1388 oonooptum
867 1306 968 1390 magis
1001 1305 1147 1391 degeat
1179 1306 1238 1373 sibi
1270 1306 1391 1389 plaeere

266 1428 362 1495 guam
383 1410 539 1480 meritum
574 1410 712 1477 faeessat
741 1409 771 1475 in
801 1410 932 1492 posteris
961 1408 1019 1475 heo
1041 1410 1143 1475 solum
1172 1426 1227 1475 nos
1257 1411 1392 1493 rogitare

266 1516 349 1598 qnod
370 1514 473 1588 libuit
504 1514 624 1579 etenim
644 1514 769 1580 fruetus
791 1516 886 1595 uteri,
920 1514 982 1584 nisi
1010 1514 1175 1589 honestate
1197 1513 1422 1598 respondeatis

265 1616 338 1701 plus
369 1616 402 1685 iu
435 1617 616 1691 testimonio
649 1617 796 1684 lasoiuias
828 1617 954 1683 uidetur
978 1616 1118 1688 euenisse
1145 1635 1239 1699 quam
1262 1615 1391 1699 gratiae.

265 1718 312 1793 fas
336 1722 417 1790 enim
439 1724 487 1787 est
503 1720 719 1804 germanitatis
742 1738 862 1802 semper
885 1720 977 1787 fidele
992 1720 1184 1789 consortium·
1203 1719 1300 1787 otiam
1321 1737 1392 1803 par·

265 1823 360 1898 tubus
383 1823 546 1896 anteferri:
561 1822 668 1889 ’datur
689 1821 1026 1907 participemoriginis
1056 1821 1238 1905 dehaberi,
1270 1821 1309 1890 ut
1335 1840 1392 1889 nse

265 1925 469 1994 eonsidoratio
490 1925 649 2008 sanguinis
671 1928 853 2009 neglegatur
882 1930 915 1991 et
937 1927 1121 1993 descendens
1146 1945 1165 1991 a
1187 1926 1300 1991 merito
1322 1926 1392 2008 lanz,

265 2027 357 2103 debir
379 2048 515 2095 emman.
539 2030 572 2095 ot
592 2030 660 2097 ideo
684 2049 723 2093 ne
744 2028 877 2097 sinuosis
900 2030 932 2093 in
955 2029 1084 2113 longum
1105 2030 1273 2113 proeedant
1297 2027 1422 2095 nerbas

264 2131 451 2214 praeloquiis
474 2134 505 2197 et
527 2119 608 2215 qnod
629 2152 663 2197 re
685 2134 855 2216 angustum
878 2134 927 2200 est
949 2137 1070 2198 ores-eat
1099 2132 1209 2211 affatu,
1235 2133 1327 2213 dono,
1361 2133 1392 2198 in

264 2230 498 2302 fraternitatem
513 2238 601 2306 tuam
616 2236 739 2301 eontero
762 2241 793 2300 et
808 2237 869 2304 iuri
885 2238 939 2301 tuo
954 2241 1103 2320 perpetua
1124 2236 1272 2303 libertate
1288 2236 1392 2305 trans·

263 2336 363 2406 iundo
385 2337 577 2420 mancipium
599 2339 676 2405 iuris
699 2341 760 2405 mei
783 2339 861 2407 illud
884 2340 916 2405 et
939 2344 1051 2408 uerus.
1073 2340 1155 2406 uelo.

809 2542 845 2607 V.

589 2708 593 2718 ·
654 2680 790 2736 FAVSTO
809 2677 1001 2734 ENNODIVS.
1403 2694 1426 2733 so

306 2805 455 2873 Sublimis
477 2806 525 2869 uir
546 2803 732 2881 Dalmatius
757 2804 880 2874 animae
902 2824 989 2871 meae
1012 2806 1112 2888 portio
1129 2821 1191 2869 non
1206 2802 1394 2867 defraudata

265 2910 320 2976 sed
342 2909 451 2989 solida¹
487 2908 537 2973 eui
560 2910 599 2975 ad
621 2908 873 2990 praerogatiuam
906 2907 1067 2991 sanguinis
1101 2924 1236 2997 morum·
1246 2905 1395 2990 splendor

264 3014 404 3094 aoeessit,
419 3012 477 3075 hoe
491 3011 614 3094 negotio
629 3029 685 3075 suo
697 3010 830 3077 eredidit
843 3012 1014 3090 oonuenire,
1037 3012 1063 3075 si
1077 3010 1154 3074 meis
1166 3008 1249 3091 apud
1264 3008 1394 3074 eulmen

264 3117 407 3187 ueeuuu
429 3115 589 3187 insuetur
617 3114 770 3197 alloquiis.
801 3114 883 3197 quod
917 3113 1180 3197 supersedendum
1214 3112 1282 3179 eius
1318 3130 1394 3181 oon·

263 3218 348 3287 seius
369 3236 434 3285 non
455 3218 577 3300 putaui.
610 3216 724 3285 leniens
746 3216 925 3283 urbanitate
946 3217 1081 3299 quadam
1111 3232 1258 3301 personae
1291 3215 1426 3285 tribuis

279 3438 285 3458 ²
314 3476 413 3531 nou
438 3474 485 3529 ur
510 3473 572 3555 po,
604 3473 651 3530 suu
675 3472 712 3542 s,
742 3444 798 3536 eset
821 3472 878 3532 ur
986 3475 1130 3542 rutenus
1157 3474 1195 3529 ,u
1223 3431 1226 3439 ’
1303 3472 1321 3527 2
1350 3474 1395 3531 rn-

261 3595 343 3664 periis
358 3594 388 3649 Β
492 3560 623 3651 dfioodso
638 3594 667 3651 Β
769 3595 787 3649 3
810 3593 957 3649 iubendum
973 3596 1084 3663 scripsi,
1113 3594 1257 3651 innendu'm
1279 3594 1322 3660 Β,
1350 3594 1395 3650 ul·

260 3681 378 3735 dendunr
394 3680 524 3737 LPTVb
539 3680 590 3736 sed
605 3681 636 3737 ui
652 3682 686 3736 iso
700 3681 731 3750 jn
750 3694 820 3737 sorr.
840 3680 867 3735 V
879 3698 913 3736 oe
927 3684 941 3734 '1
1038 3682 1119 3751 putat
1135 3680 1202 3747 fort.
1300 3680 1320 3735 4
1339 3680 1395 3737 illii

260 3766 306 3823 Po
392 3765 596 3836 5preindieinm
607 3766 636 3821 Β
730 3766 877 3822 'tsobolem
890 3766 974 3821 ΒΝ
1056 3766 1184 3821 eribetT
1267 3766 1395 3837 enemo

260 3856 326 3924 gent
344 3852 383 3908 Βι
474 3852 508 3907 10
524 3853 638 3908 honesta
655 3853 683 3907 Β
775 3853 806 3907 11
826 3853 924 3907 lbseirm
945 3853 970 3909 Τ
1060 3853 1092 3907 14
1109 3852 1262 3921 neglegitur
1280 3852 1322 3907 L*

260 3938 415 3995 mouens
433 3939 468 4005 Β,
494 3938 632 3994 dlsosdens
649 3938 719 3993 oeni.
738 3938 864 3995 Sobottss
949 3938 983 3993 rb
994 3939 1140 4009 proosdunt
1155 3939 1192 3994 Τι
1277 3939 1311 3993 16
1332 3956 1395 4010 pro·

259 4025 359 4095 logmis
375 4026 404 4081 Β
500 4025 593 4096 effatu]
612 4026 710 4082 affeetu
727 4024 756 4079 B
787 4086 789 4093 Α
859 4026 892 4079 17
909 4028 1065 4097 perpetuam
1087 4026 1121 4079 T'
1223 4020 1396 4083 liberalitate

261 4127 371 4184 LPrV
462 4130 497 4183 18
513 4132 642 4183 eteotora
659 4129 693 4195 B,
717 4131 746 4183 et
763 4116 807 4185 es}
821 4128 884 4197 LV,
907 4145 956 4189 orn.
976 4128 1050 4184 Pru
1145 4128 1206 4190 uate
1223 4145 1274 4188 om.
1292 4130 1322 4187 Β

265 4259 270 4276 ι
317 4232 350 4287 V.
383 4232 418 4285 21
433 4232 578 4288 doirudsts'
594 4232 623 4288 Β
720 4232 755 4287 12
771 4234 818 4289 sed
836 4232 923 4290 solida
941 4232 968 4287 L
984 4248 1004 4288 s.
1024 4234 1041 4289 t
1059 4249 1094 4289 ru.
1113 4234 1231 4303 obtuso
1333 4250 1396 4305 pro-

260 4318 413 4388 rogatinarn
430 4318 459 4371 Β
923 4344 925 4352 v
1304 4334 1308 4341 ·
