2934 4934
607 343 723 416 [agni
740 343 869 400 Foliois
886 343 1019 400 Ennodi

750 533 879 602 mn

609 668 823 768 ‘Ennomus
851 669 991 728 nonno.

291 794 422 859 Preonm
445 792 570 859 iteratio
593 791 708 861 bonam
731 792 955 860 oonsoientiam
970 794 1137 861 obliuionis
1160 795 1295 862 mosot.
1318 797 1372 862 sed

248 897 383 962 iaoemat
397 895 561 962 stimulare
577 898 753 965 ourrentem
765 899 800 963 et
810 901 1006 964 oonstantem
1018 890 1122 964 uirum
1139 898 1179 964 ad
1193 901 1374 965 memoriam

250 997 463 1084 promissionis
486 997 646 1084 inpellere.
670 1001 748 1066 haeo
771 1001 810 1066 de
832 1001 890 1082 his,
914 1020 994 1085 quae
1011 1019 1030 1067 a
1045 1021 1095 1068 me
1111 1003 1231 1068 dudum
1247 1001 1374 1069 onlmini
1393 1021 1408 1062 s

248 1105 352 1168 uestro
378 1105 453 1168 sunt
476 1101 600 1186 scripta,
623 1103 802 1186 perstrinxi,
826 1107 862 1168 ut
877 1102 1015 1185 domum,
1033 1106 1072 1171 de
1085 1125 1147 1190 qua
1162 1107 1224 1171 iam
1238 1107 1373 1191 paginali

247 1205 364 1272 indioio
376 1206 522 1272 noluntas
535 1209 642 1272 uestra
654 1209 702 1272 est
713 1207 882 1290 patefacta,
893 1207 1074 1292 percipiam.
1092 1209 1213 1294 reliqna
1226 1209 1374 1293 epistolae

247 1307 447 1376 salutationis
469 1309 580 1376 nuntio
602 1311 796 1394 manoipaui,
821 1313 866 1391 ut,
894 1313 976 1377 siout
997 1311 1081 1398 apud
1103 1330 1160 1378 nos
1181 1311 1321 1379 ualitudo
1343 1312 1374 1378 in

245 1413 380 1478 statione
417 1414 481 1492 est,
518 1411 565 1478 ita
597 1414 637 1479 do
669 1412 807 1479 eulmine
839 1414 945 1481 uestro
980 1413 1123 1481 eoelestis
1157 1415 1252 1482 fooiot
1287 1415 1376 1484 fauor

246 1532 384 1600 agnooor.
797 1549 805 1562 ·
1086 1595 1092 1617 .
1144 1571 1150 1582 .
1387 1542 1410 1581 o

738 1655 885 1722 XXXXI.

622 1789 806 1848 ennomus
830 1789 995 1847 noiomo

241 1929 248 1938 ¹
286 1909 499 1976 Insolabiliter
527 1915 691 1978 amantum
719 1911 855 1979 ferretur
882 1913 1044 1993 absentia,
1066 1913 1130 1980 nisi
1153 1934 1244 1999 opem
1266 1919 1378 1984 darent

244 2013 382 2079 remedia
404 2012 593 2094 litterarum,
618 2033 697 2098 quae
718 2017 840 2085 ieiunus
855 2017 1089 2086 desiderantum
1105 2019 1228 2085 animas
1242 2025 1378 2103 pasonnt

243 2134 316 2180 osea
353 2117 517 2200 conloquii.
562 2119 640 2184 bone
669 2122 755 2186 enim
783 2141 838 2206 per
866 2122 977 2187 stilum
1007 2121 1134 2189 dileetio
1157 2123 1292 2188 amioam
1314 2124 1410 2190 sibiu

243 2220 345 2306 pingit
368 2219 515 2306 effigiem,
539 2241 609 2288 oum
631 2243 693 2306 qua
718 2225 785 2290 sine
815 2225 931 2290 loboris
953 2224 1107 2308 patientia
1128 2226 1258 2290 misoeat
1280 2225 1379 2293 mello

244 2341 432 2389 sermonum.
457 2327 495 2391 sd
519 2325 577 2392 hoo
592 2327 776 2412 magnitudo
792 2332 848 2393 tua
863 2327 985 2407 artifex,
1010 2347 1049 2393 ne
1064 2329 1222 2412 inpastam
1237 2331 1377 2412 gratim

243 2425 410 2509 linqueres,
434 2425 598 2510 seripsisti.
623 2427 718 2492 dobeo
741 2427 1003 2506 uicissitudinem,
1026 2428 1100 2512 quis
1114 2447 1287 2496 memorem
1310 2431 1377 2497 mei

243 2536 276 2596 te
299 2549 366 2600 esso
389 2531 530 2615 cognoui.
574 2531 690 2596 honore
725 2549 798 2615 ergo
832 2529 1031 2597 salutationis
1065 2529 1204 2598 exhibito
1232 2550 1317 2618 rogo,
1340 2535 1378 2600 ut

242 2632 324 2718 quod
356 2635 418 2702 sois
447 2635 530 2719 apud
560 2652 647 2700 coros
675 2636 707 2699 et
733 2633 909 2702 adfectione
930 2633 1090 2718 praeditos
1113 2652 1177 2700 osse
1199 2636 1412 2719 pretiosumso

241 2739 298 2806 sub
322 2740 556 2807 oontinuatione
580 2739 681 2807 fouere
704 2757 766 2804 non
790 2739 928 2804 omittas.

723 2925 886 2992 XXXXII.

627 3062 812 3118 nnnourrs
838 3018 983 3118 amnuo.

283 3186 503 3272 aegritudinis
518 3186 642 3252 nestrae
657 3185 811 3253 indioium
827 3186 861 3250 in
878 3203 965 3250 mese
979 3186 1114 3269 contigit
1128 3186 1375 3252 incrementum.

239 3310 313 3358 nam
335 3291 409 3358 talis
432 3308 557 3374 semper
590 3291 640 3355 est
671 3308 747 3355 usus
782 3292 813 3355 et
846 3307 925 3370 pone
946 3293 1061 3355 notmo
1083 3289 1222 3363 solliciti,
1260 3293 1297 3354 nt
1319 3292 1414 3355 uine

289 3529 399 3586 xm
433 3527 580 3584 amoeno
603 3527 708 3584 nure
811 3527 963 3584 sumet
980 3529 1008 3584 Β
1111 3491 1303 3598 semissen

237 3617 265 3686 a]
283 3617 362 3672 adT
468 3615 601 3671 linditio
619 3616 653 3684 L,
680 3613 796 3669 indictio
813 3614 848 3681 B,
874 3614 974 3670 inditio
993 3615 1028 3683 P,
1053 3613 1191 3670 iudioiob
1294 3614 1377 3668 doe·

237 3702 314 3756 lestis
332 3702 360 3755 Β
466 3703 499 3757 10
516 3700 677 3770 ugnosoondi
696 3702 730 3757 T¹

288 3803 415 3862 xxm
451 3805 484 3860 12
501 3807 606 3875 sospito
624 3803 659 3872 L,
687 3805 785 3874 agapio
803 3804 830 3859 Β
932 3805 964 3859 13
982 3803 1093 3860 territur
1112 3804 1139 3859 Β
1216 3807 1277 3861 -1o
1292 3821 1377 3861 mou

237 3891 296 3951 LV
389 3891 515 3962 oonloqui
531 3892 560 3947 Β
658 3891 741 3945 tilnm
759 3890 787 3945 Β
891 3891 926 3946 16
943 3891 1039 3964 pinget
1056 3891 1084 3948 Β
1189 3892 1223 3947 18
1240 3892 1376 3962 linqumis

235 4011 264 4066 Β
367 3977 462 4082 aeris
490 4013 517 4068 n
619 4012 838 4068 emensum
866 4012 893 4067 Β
997 4013 1033 4067 oo
1057 4029 1134 4068 ems
1160 4012 1188 4067 Β
1291 4026 1377 4082 pm

236 4095 310 4151 ditus
327 4098 355 4153 Β
460 4097 654 4154 a1foeoson¹

286 4199 428 4257 xxmn
461 4203 497 4257 24
514 4201 682 4272 egrotudinis
699 4202 741 4256 L*
827 4217 885 4256 mee
902 4201 946 4270 P,
973 4218 1034 4258 moa
1047 4201 1217 4258 BanVo
1302 4215 1376 4256 oon·

235 4285 307 4355 tigst
325 4287 360 4354 Β,
388 4287 558 4358 oontingitt
660 4287 694 4344 25
713 4291 756 4343 est
773 4303 876 4359 sempor
893 4287 980 4345 MV
1078 4289 1155 4359 pene]
1174 4303 1208 4358 po
1226 4287 1255 4343 Β
