2934 4934
375 338 493 410 Opuac.
511 338 548 394 11.
571 337 728 394 Libellus
748 352 806 409 pro
822 335 957 408 synodo.
1166 336 1230 422 315

99 531 248 600 iussionis
271 529 405 600 confinio
428 529 491 596 oris
513 529 613 598 uestri
634 528 728 616 spiris
750 526 905 610 abripitur
927 528 960 600 at
977 525 1019 592 ad
1040 525 1232 605 incentiuam

97 635 291 704 confusionis
326 637 467 722 aptatur,
502 635 555 716 qui
583 634 653 718 paci
680 631 873 700 militaturus
902 630 1085 718 aduenerat
1119 629 1259 713 inuisis-

96 738 187 808 beuti
216 739 349 824 apostoli
375 735 541 804 liminibus
570 735 610 802 ad
638 753 732 802 usum
762 733 878 801 furoris
899 733 999 799 uestri
1020 734 1229 818 umbaudus

96 841 150 906 sui
175 841 362 922 aduncatur,
386 841 419 906 et
439 839 519 906 illud
543 837 624 921 quod
646 857 683 904 ex
704 837 848 904 omnibus
870 835 954 906 orbis
978 835 1154 915 cardinibus
1176 835 1231 902 da·

74 945 191 1012 auctos
225 943 364 1012 adtrahit
397 943 535 1028 positum
574 941 608 1008 in
640 939 804 1008 uicinitate
843 941 995 1006 transitur
1027 937 1230 1004 ecclesiarum

96 1045 359 1114 fundamentum:
382 1043 461 1114 adiri
483 1062 545 1112 nou
567 1044 762 1128 permittitur
775 1043 938 1110 structura
958 1039 1134 1108 mediocris.-
1156 1043 1230 1107 tunc

95 1167 191 1230 spem
223 1147 376 1216 bonorum
398 1147 559 1216 fructuum
581 1145 719 1234 perdidit
742 1164 767 1212 a·
784 1145 886 1214 radice
912 1148 1085 1229 separatus.
1120 1144 1231 1210 ricmis

96 1251 243 1329 forsitan,
267 1251 402 1336 apostoli
423 1251 515 1335 genio
538 1249 670 1335 decerpi,
692 1250 721 1316 si
734 1249 864 1334 putatur
886 1248 962 1316 caeli
980 1248 1059 1313 ciuis
1075 1251 1230 1317 terrarum

94 1355 177 1422 loeis
210 1353 337 1422 includi.
381 1357 487 1422 munau
515 1354 658 1436 quamuis
686 1350 862 1418 benedictio
889 1351 1088 1437 poscentibus
1116 1349 1229 1443 ubique

59 1458 279 1541 repraestetur
307 1459 340 1526 et
375 1457 479 1542 erigat
507 1455 718 1540 praesentiam
750 1455 900 1540 martyris
933 1453 1009 1521 fides
1041 1456 1073 1519 et
1106 1454 1231 1521 deuotio

95 1560 324 1646 supplicantis,
356 1559 463 1645 negari
491 1577 555 1626 aon
580 1559 700 1644 potest,
733 1558 919 1642 diligentiae
950 1558 1051 1628 natali
1072 1559 1137 1624 solo
1159 1557 1230 1644 plus

95 1662 201 1730 tribui
225 1666 256 1730 et
279 1663 431 1730 maiorem
454 1662 602 1730 affectum
624 1664 695 1728 loca
715 1664 895 1748 impetrare,
919 1661 1091 1746 dequibus
1114 1659 1155 1726 ad
1177 1677 1230 1729 su-

95 1783 197 1848 perna
219 1767 381 1834 transitur.
414 1785 508 1850 quam
530 1763 625 1834 fidem
641 1765 823 1850 allegationi
845 1767 1044 1851 curationum
1060 1762 1230 1830 multitudo

94 1873 163 1938 iarn
185 1869 367 1953 praestitit,
387 1873 419 1934 et
440 1868 561 1937 utimur
577 1868 649 1952 post
670 1868 862 1936 obsidionem
886 1867 1075 1935 diabolicam
1097 1865 1230 1934 testibus

46 1973 164 2043 ‚roiam
186 1973 316 2038 sanatis.
340 1971 513 2038 bacclioet
534 1989 588 2056 per
609 1971 839 2054 redemptorem
858 1975 1004 2038 nostrum
1025 1971 1057 2036 in
1073 1973 1140 2036 toto
1156 1968 1230 2035 orbe

96 2067 310 2156 celebrentur,
333 2075 509 2142 esttamen
531 2091 594 2140 non
618 2075 740 2164 modica
761 2076 960 2143 monumenti
981 2073 1067 2140 illius
1089 2093 1145 2159 per
1165 2072 1229 2139 fre·

96 2177 263 2262 quantiam
297 2181 465 2262 conparata
497 2176 662 2258 nobilitas,
696 2177 773 2261 quia
803 2199 857 2264 por
892 2198 964 2246 aum
990 2177 1047 2261 qui
1074 2176 1232 2247 bomirrour

94 2279 239 2348 mutauit
262 2280 293 2346 in
323 2279 472 2369 angeium
504 2279 668 2348 inlustrari
700 2281 806 2365 potuit
838 2285 996 2351 natnrut
981 2279 1115 2350 telluris.
1147 2280 1230 2347 banc

94 2383 258 2453 uisitatori
281 2385 385 2459 uestro
407 2381 568 2472 inuidistis
590 2383 744 2468 gratiam,
770 2383 973 2452 aesbmautes
982 2384 1069 2473 quia
1091 2400 1229 2474 errorum

59 2489 280 2574 sonestrorum
312 2463 446 2554 sectator
480 2504 547 2552 assa
581 2486 765 2565 desisteret,
796 2487 826 2552 si
858 2489 1044 2562 reuerendos
1076 2486 1229 2572 passionis

95 2589 274 2676 penetralia
306 2589 499 2674 contigisset.
533 2606 602 2656 ecce
633 2605 696 2656 non
724 2588 887 2656 habetis
878 2590 1019 2674 noregia
1041 2589 1228 2671 auctoritate
1250 2569 1273 2615 ‘⁴

94 2692 291 2782 subsidium:
325 2709 397 2758 eoae
410 2694 502 2778 post
535 2692 702 2759 caelestem
736 2691 976 2779 commotionem
1002 2692 1086 2760 iuste
1118 2709 1174 2758 nos
1197 2692 1229 2757 at

95 2796 291 2880 principalis,
315 2813 411 2882 quam
430 2791 537 2878 sperni
559 2793 689 2875 secutis,
710 2812 844 2861 censura
862 2794 1014 2878 percellit
1211 2792 1215 2799 '

139 2916 311 2982 Videamus
340 2916 368 2982 si
395 2919 538 3001 superest
571 2915 678 2999 aliqua
705 2915 744 2982 da
771 2915 908 3001 regulari
935 2914 1147 3006 propositione
1174 2865 1229 2983 do·

47 3019 209 3086 ,eleusin
234 3017 447 3104 “deitatates’'
468 3017 655 3104 inquiunt‘
658 3018 698 3084 ‘et
719 3018 792 3084 aliis
813 3019 965 3106 episcopis
986 3017 1054 3104 ipso
1076 3017 1173 3102 dedit,
1196 3020 1229 3082 et
1264 3025 1287 3064 r

95 3123 219 3187 iustum
243 3119 299 3202 ast,
322 3123 359 3188 ut
382 3118 458 3188 facti
481 3121 531 3187 eui
554 3119 622 3205 lego
646 3120 807 3187 teneatnr'’
811 3169 820 3186 .
843 3139 904 3188 non
927 3139 983 3187 uos
1000 3122 1035 3187 in
1052 3121 1112 3188 hoc
1134 3118 1228 3187 titulo

150 3396 166 3449 1
192 3394 292 3453 naamis
309 3392 375 3466 piris
395 3394 469 3461 W,
497 3395 584 3467 uestri¹
599 3395 712 3466 spiritns
729 3411 757 3450 ιιι
858 3365 1023 3481 infantium
1046 3393 1086 3462 R,
1114 3393 1229 3451 iuuenti-

96 3514 195 3598 numc
280 3499 424 3556 astutus
440 3499 555 3574 aaa?
592 3587 597 3598 1
636 3500 659 3599 ,3
675 3497 869 3600 luminibus}
954 3499 1116 3556 badtrabet
1133 3498 1161 3555 Β

94 3685 302 3755 mammon
325 3647 521 3758 manaae
553 3737 557 3748 .
591 3625 1162 3758 ammanuensium-ure

95 3773 297 3833 'lirnotnmR
371 3772 783 3844 ,aradaearrusmonpr
811 3785 820 3832 ·.'
846 3825 849 3832 .
874 3775 1227 3847 remorsurum)

95 3893 122 3951 Τ
224 3868 337 3950 dubim
351 3895 379 3951 Β
482 3897 513 3952 11
539 3894 632 3966 negari
652 3910 691 3964 m,
721 3911 819 3966 negare
842 3890 1079 3952 anavam-
1160 3897 1227 3966 solo]

93 3979 156 4036 uolo
173 3981 202 4036 A
274 3979 335 4040 ‘12
348 3981 471 4038 tribuisti
488 3982 529 4038 Π
615 3982 682 4053 loca]
700 3981 769 4038 lucit
786 3978 815 4037 R
906 3982 941 4036 13
958 3981 1116 4052 alligationi
1133 3983 1160 4036 Δ

94 4067 129 4123 14
148 4067 237 4123 utitur
254 4066 314 4124 Bm
375 4079 378 4091 ·
417 4069 481 4138 poet
498 4055 549 4126 orn.
567 4069 594 4124 R
689 4067 919 4142 ·16munumanti
938 4066 976 4122 L¹
1077 4068 1228 4140 frequentia

92 4152 122 4211 R
215 4151 417 4225 incomparata
436 4153 463 4209 A
553 4151 590 4209 20
605 4153 806 4209 umtroruml'
889 4155 1035 4208 sectatores
1048 4164 1076 4208 ae
1095 4151 1161 4210 ΙΝ·
1211 4146 1215 4154 ’

93 4273 301 4330 desistereatT
401 4275 436 4330 22
454 4276 685 4333 commotationem
703 4276 741 4332 B¹
845 4273 880 4329 24
898 4241 1006 4346 super*
1022 4276 1050 4332 B
