2934 4934
608 344 723 414 Magni
741 343 873 400 Felicis
890 345 1022 401 liuuodi

749 551 834 618 XVI.

587 685 771 744 ENNODIVS
795 686 997 745 insomnio,

270 809 355 877 Olim
388 811 427 877 ad
461 809 666 878 beatitudinis
701 811 776 877 tuae
809 809 930 896 scripta
945 814 1193 898 responderam,
1213 814 1242 878 si
1263 813 1359 880 facile

228 913 340 981 luisset
362 913 494 981 Romam
526 915 727 1000 pergentium
756 914 871 981 itinera
897 915 1094 998 deprehendi.
1140 915 1358 983 ecclesiastica

228 1016 389 1085 humilitas
407 1019 551 1085 amuudi
573 1018 756 1101 potentibus
778 1019 869 1103 quasi
891 1040 940 1086 res
954 1023 1120 1104 peregrina
1133 1020 1297 1087 transitur.
1321 1025 1359 1086 ut
1382 1040 1395 1081 ι

228 1123 367 1204 primum
385 1123 490 1188 tamen
506 1122 638 1188 domnus
654 1121 819 1188 Dioscorus
835 1123 968 1190 Romam
983 1124 1165 1208 perfunctus
1180 1122 1225 1206 pii
1239 1123 1359 1189 laboris

227 1225 382 1291 remeauit
405 1225 516 1300 officio,
539 1225 579 1290 ud
602 1225 837 1291 restitutionem
866 1225 964 1293 debiti
985 1227 1193 1295 reuerentiam
1216 1228 1360 1292 uestram

228 1329 403 1414 suspiciens
426 1329 595 1412 adspiraui.
631 1346 686 1395 uos
708 1329 792 1395 lilios
814 1332 945 1409 uestros,
968 1331 1118 1396 domuum
1133 1331 1283 1396 Faustum
1308 1329 1363 1394 nel

229 1435 369 1498 sanctem
392 1434 573 1518 progeniem
595 1433 694 1516 ipsius
716 1431 820 1500 redire
836 1433 968 1499 Romam
992 1433 1119 1516 cupitis,
1144 1452 1198 1501 nos
1213 1451 1363 1500 manere:

230 1537 333 1621 dispar
348 1536 504 1602 sententia
515 1534 554 1602 ad
566 1555 665 1602 unum
676 1537 849 1603 affectionis
861 1537 973 1603 callem
985 1535 1052 1604 siue
1064 1555 1165 1604 errore
1179 1539 1363 1602 reuertitur.
1373 1555 1397 1596 ιι

229 1640 305 1706 deus
328 1644 433 1705 tamen
455 1641 591 1723 optimus
614 1639 812 1722 dispeusator
833 1641 914 1724 quod
941 1637 1085 1707 felicitati
1114 1643 1180 1708 eius
1202 1640 1264 1706 scit
1286 1659 1364 1706 con·

229 1742 336 1808 uenire
369 1743 522 1826 disponat.
568 1740 645 1809 mihi
679 1745 784 1809 domni
807 1744 916 1808 Fausti
949 1762 1136 1827 suorumque
1167 1743 1363 1827 prosperitas

230 1846 424 1929 praesentiae
447 1847 516 1911 uice
538 1845 709 1913 blanditur.
756 1845 881 1913 domine
915 1847 971 1925 mi,
1005 1846 1202 1914 salutationis
1236 1849 1364 1911 cultum

230 1950 320 2032 pleno
355 1967 459 2015 amore
493 1947 666 2015 dissoluens
699 1949 836 2015 codicem
870 1970 962 2034 quem
996 1948 1126 2016 dedistis
1159 1948 1226 2014 filio
1254 1953 1365 2014 uestro

231 2049 344 2117 domno
366 2050 524 2136 praefecto
547 2055 704 2118 remeante
726 2054 925 2119 transmitto:
970 2072 1025 2120 uos
1055 2070 1161 2140 meum
1190 2053 1245 2118 aut
1268 2051 1399 2116 illumss

231 2174 323 2236 quem
352 2155 552 2237 promisistis,
568 2155 596 2220 ei
613 2155 778 2239 placuerit,
791 2153 955 2236 destinate,
966 2154 1047 2223 illud
1060 2160 1166 2221 tamm
1180 2152 1364 2237 specialiter

233 2257 432 2336 conferentes
449 2260 485 2323 ut
501 2259 678 2324 orationum
689 2260 866 2325 uestrarum
874 2278 1044 2343 numquam
1054 2279 1106 2324 me
1117 2259 1368 2343 propugnatione

232 2362 364 2442 nudetis,
388 2360 591 2444 quianullus
620 2362 709 2450 mihi⁴
727 2381 836 2456 murus
857 2362 959 2446 potior
982 2383 1048 2431 esse
1070 2362 1219 2428 aduersus
1241 2361 1365 2443 peccati

233 2465 363 2532 arietem
387 2465 510 2547 poterit,
533 2465 677 2549 quamsi
700 2460 831 2532 illarum
853 2486 904 2569 me
927 2466 1027 2532 tutela
1050 2464 1234 2577 detenderit.

655 2687 656 2694 ’
701 2681 703 2688 ’
748 2667 849 2738 XVII.
884 2709 888 2714 -
918 2676 922 2685 '
966 2688 970 2694 ’
1377 2693 1402 2732 ee

584 2806 768 2862 ENNODIVS
794 2807 1012 2864 APODEMIAR

277 2928 347 2995 Non
371 2887 482 2996 clauda
497 2929 579 3004 fides
602 2931 655 3004 est
671 2929 826 3012 opinionis
848 2931 1003 3012 autiquae,
1027 2947 1107 3013 quae
1121 2866 1267 3012 perhibet
1282 2933 1369 3012 quod

234 3033 447 3116 propinquitas
483 3034 607 3117 generis
643 3052 704 3098 nou
740 3033 926 3103 detrudetur
961 3035 1188 3116 longinquitate
1219 3035 1368 3117 regionis.

235 3141 361 3200 manent
383 3136 574 3207 familiarum
597 3137 670 3202 suis·
686 3138 761 3205 iura.
778 3137 969 3214 cardinibus·
987 3155 1044 3205 nec
1065 3140 1240 3219 quae-snut
1254 3137 1369 3209 diuisa

234 3237 423 3314 habitaculis
446 3238 854 3320 dissocianturanimabue:
900 3241 1054 3323 percurrit
1082 3239 1241 3307 aetherius
1265 3241 1404 3323 uigens

234 3340 424 3423 ubicumque
448 3342 550 3424 carnis
574 3341 758 3426 cognatione
769 3342 960 3426 producitur,
982 3344 1015 3411 et
1030 3343 1086 3417 illa
1100 3342 1242 3434 caelestis
1257 3345 1365 3426 portio

235 3443 329 3509 nnius
351 3446 469 3527 patriae
492 3462 553 3509 non
577 3444 758 3510 continetur
781 3446 945 3530 angustiis.
991 3449 1035 3512 sio
1058 3448 1108 3530 tu,
1147 3449 1261 3513 domna
1282 3466 1368 3525 mea,

286 3681 540 3738 XV14iteuera
566 3678 594 3734 B
646 3656 883 3751 depraehendi
901 3678 929 3736 Β
1044 3676 1241 3748 odiheeeerus
1268 3683 1299 3737 B

235 3768 421 3837 Ssuscipiens
446 3767 473 3822 L
582 3757 723 3836 Faustum]
747 3767 863 3822 Paulum
887 3767 970 3860 Sim.
1083 3769 1116 3823 12
1137 3764 1241 3836 mihim!
1268 3770 1299 3823 B

236 3889 269 3944 13
287 3889 365 3954 mT,
392 3889 461 3942 mihi
478 3886 565 3942 BLV
667 3887 932 3958 repromisimus

286 3993 376 4049 XVII.
410 3993 443 4048 21
471 3996 589 4062 aposmie
620 3993 646 4047 Τ
755 3993 790 4049 22
816 3994 892 4050 clads
917 3995 957 4050 Βι
1065 4000 1107 4051 est
1133 4012 1185 4051 om.
1213 3993 1298 4051 Siren.

235 4082 346 4150 antique
369 4081 396 4135 B
500 4079 534 4136 23
558 4095 609 4134 nou
628 4081 654 4134 d.
672 4080 691 4134 l.
710 4082 830 4151 regionis
847 4097 898 4138 om.
917 4081 944 4136 L
968 4081 1065 4137 adas
1053 4098 1086 4137 m
1102 4097 1155 4152 mp-
1256 4082 1373 4138 defrau-

236 4201 402 4340 uaurmrB
479 4201 512 4255 se
525 4167 697 4256 settene
792 4203 916 4258 essenus
932 4203 957 4255 u
1056 4204 1091 4258 se
1107 4201 1251 4272 precursor
1269 4201 1300 4256 u

236 4288 269 4344 si
289 4303 359 4342 uuus
407 4292 415 4318 ¹
