2934 4934
245 407 311 476 534
607 405 722 476 Meg'ui·
738 405 864 460 Felicis
882 405 1016 461 Euuobi.

312 593 412 664 Corde
433 595 556 664 domet:
583 599 637 680 qui
660 601 775 663 ennete
795 596 892 677 uidet,
916 601 1009 681 quem
1031 599 1147 664 ennete
1167 600 1389 666 tremescuntz

248 699 291 766 25
313 701 396 768 Fons
418 701 471 766 uis
493 699 601 767 dextre
622 701 702 786 lupis
725 701 846 766 uitulus
868 701 917 766 leo
940 700 1052 767 lueiier
1073 719 1172 786 ugnus

311 805 409 870 Ianus
432 821 503 888 spes
526 805 627 870 uirtus
650 804 782 869 uerbum
804 803 960 888 sapientia
982 806 1071 869 netes

309 907 423 972 Hostis
443 906 621 991 uirgultum
642 907 750 990 postor
771 925 861 974 mous
883 908 951 973 rete
974 907 1117 987 oolnmbe

310 1009 456 1076 Flamma
477 1010 587 1095 gigans
609 1010 713 1094 aquito
733 1029 866 1096 sponsus
887 1009 1044 1093 patientie
1065 1014 1181 1078 normis

310 1113 410 1180 Filius
434 1115 569 1206 exoelsus
594 1113 739 1181 dominus
763 1116 850 1192 deus,
873 1114 980 1181 omnio
1002 1113 1153 1183 Christus.

246 1215 290 1282 30
310 1217 403 1282 Hune
423 1236 531 1301 precor
552 1220 589 1283 ut
612 1216 705 1284 dietis
729 1218 829 1286 adsit:
851 1217 906 1301 qni
927 1218 1053 1302 pectora
1074 1219 1169 1304 prisci

309 1319 399 1387 Votis
423 1322 460 1387 ut
481 1322 638 1404 ingressus
661 1320 834 1391 Pharaonis
856 1326 997 1406 tempore
1018 1322 1113 1409 regis,

309 1422 445 1489 Adiuuit
465 1423 576 1509 gracili
598 1421 776 1490 locuturum
801 1443 877 1491 uooe
898 1426 1091 1509 prophetem.

307 1525 347 1592 Se
369 1527 492 1612 stupuit
514 1528 690 1612 tuneipse,
712 1547 790 1607 reor,
813 1528 890 1594 bene
914 1531 1054 1613 oonsoius
1076 1531 1149 1605 oris,

307 1628 478 1696 Murmuris
501 1633 532 1696 st
553 1632 652 1710 soliti,
676 1631 876 1715 complentem
898 1632 1049 1718 principis
1072 1652 1162 1699 eures

245 1731 288 1799 35
309 1734 450 1800 Pondere
473 1752 547 1800 uooe
570 1754 646 1802 sono
669 1754 762 1804 sensu
784 1735 938 1819 probitate
951 1738 1087 1819 pudore.

307 1835 354 1900 Tu
376 1836 613 1924 famulumtu,
634 1843 753 1916 sunote,
774 1855 880 1906 mone:
905 1840 946 1905 de
967 1841 1088 1906 soluere
1112 1844 1230 1925 gretes,

307 1939 391 2020 Quae
414 1941 527 2007 debere
549 1943 647 2010 iuuet.
675 1943 821 2022 sanetum
845 1941 1072 2034 conplectimur
1094 1961 1203 2009 omnes

305 2043 385 2110 Eooe
407 2043 502 2124 diem,
522 2044 626 2110 noluit
647 2063 708 2130 quo
728 2065 762 2110 se
785 2045 876 2110 inber
898 2044 1003 2110 indere
1025 2045 1119 2112 terris

306 2145 488 2230 Promptius
510 2152 542 2213 et
564 2148 660 2216 retiis
683 2149 803 2214 enimes
827 2149 965 2214 animere
987 2149 1181 2234 propinquis,

241 2247 285 2315 40
307 2248 374 2328 Quo
396 2251 513 2334 gaudet
536 2251 680 2329 mundus,
707 2268 778 2316 oum
800 2269 862 2321 non
884 2250 950 2316 sint
971 2252 1087 2336 gaudia
1107 2253 1232 2323 mundi.

305 2350 413 2418 Cernis
435 2352 617 2419 odorantem
638 2353 770 2438 punitos
793 2356 991 2422 summittere
1013 2357 1123 2422 nultus

304 2453 397 2521 Vatis
419 2455 453 2520 in
476 2455 683 2548 obsequium?
705 2458 821 2526 natulis
844 2462 985 2542 tempore
1008 2460 1106 2526 sentit

304 2557 398 2624 Festa
419 2577 475 2631 neo
497 2560 622 2628 emissis
645 2561 818 2629 eonbmmt
839 2562 941 2628 tristis
962 2562 1109 2629 alumnis.

304 2659 369 2727 iste
393 2661 458 2728 dies
483 2665 603 2730 eunetis
625 2666 708 2731 uites
731 2665 914 2749 onustisque
935 2666 1049 2732 salutis

237 2764 281 2832 45
304 2763 499 2846 Constitit,
523 2767 639 2834 ueteris
663 2767 835 2834 dissoluens
858 2769 986 2845 nineule
1008 2787 1115 2836 noxae.

303 2865 446 2936 Christus
468 2867 502 2934 in
524 2869 582 2938 hoo
604 2871 718 2937 tribuit
746 2872 841 2936 deone
865 2877 897 2938 et
919 2875 1064 2964 tutamen
1085 2876 1118 2940 in
1141 2874 1229 2940 eruis

302 2969 461 3050 Ausoniis,
483 2972 578 3062 peu-ili
599 2974 728 3058 populos
752 2975 808 3059 qui
828 2979 934 3041 mente
956 2975 1109 3067 gubernet

302 3073 344 3138 ut
366 3078 474 3160 gentes
497 3076 616 3160 pietnte
638 3077 743 3160 reget:
768 3079 881 3161 quibus
905 3083 1013 3146 sueton
1038 3078 1165 3163 Olympi

302 3177 468 3245 Pollicitus
490 3179 587 3246 simili
609 3197 716 3263 regem
738 3181 894 3264 probitate
915 3182 1057 3269 parauit:

237 3277 282 3344 50
304 3280 418 3346 Dexter
440 3283 478 3346 ut
498 3284 564 3364 ipse
588 3283 663 3349 deus
686 3284 764 3348 solio
786 3287 840 3350 dat
862 3287 934 3352 iuro
955 3304 1092 3353 eornseo.
1140 3269 1145 3278 ’

344 3378 509 3450 Proximus
531 3385 583 3451 hio
605 3383 702 3465 coelo,
730 3385 783 3452 eui
804 3387 883 3464 recti
906 3373 1040 3466 eonscie-
1053 3408 1142 3456 mens
1166 3394 1225 3473 est,

340 3509 373 3565 25
383 3527 423 3580 sq.
434 3511 520 3568 suth.
532 3512 581 3568 let.
593 3513 658 3578 689·
670 3513 730 3584 (R.)¹
738 3517 766 3568 et
777 3513 894 3584 Huemer
908 3515 937 3569 in
949 3515 1027 3571 stud.
1041 3516 1121 3573 vinu
1134 3519 1164 3572 ll
1177 3519 1219 3582 72,
1232 3519 1284 3576 111
1300 3525 1354 3578 lte

287 3621 323 3676 24
349 3623 508 3678 tremiscunt
534 3623 588 3680 ΕΤ
689 3625 723 3680 26
747 3627 821 3681 ustie
845 3626 922 3693 libri,
951 3644 1001 3685 eno
1025 3628 1151 3684 suetos
1173 3635 1201 3685 et
1220 3630 1317 3689 som

236 3706 269 3762 ur
289 3707 359 3762 eea
377 3709 492 3766 nuru
566 3712 695 3780 »resen
715 3713 842 3781 mon
940 3714 1071 3786 segrgu
1092 3715 1137 3771 uo
1237 3721 1386 3786 moene
1437 3706 1438 3709 ‘

234 3793 365 3852 mro
467 3797 503 3851 30
520 3797 592 3854 huno
608 3798 713 3868 scripsi,
742 3815 814 3854 nuno
831 3799 896 3856 ζῶα·
999 3799 1073 3856 absit
1090 3802 1129 3857 L'
1232 3814 1386 3873 monton
1437 3826 1438 3871 ξ

235 3879 263 3936 Β
348 3880 381 3937 31
401 3883 517 3941 tarsonis
536 3883 626 3941 BLV
709 3885 747 3940 32
762 3887 927 3942 monitorum
940 3890 1010 3944 oeni.
1023 3889 1150 3945 &botta
1237 3895 1384 3959 protem
1437 3888 1438 3961 i

233 3965 319 4066 BL?
420 3967 456 4026 34
481 3970 628 4039 obpleotere
654 3969 703 4026 Pb
802 3972 840 4028 be
866 3973 969 4030 soluere
992 3975 1034 4038 (lu
1051 3990 1086 4030 os
1103 3975 1153 4032 di?
1171 3982 1254 4044 corr.)
1291 3982 1321 4034 Τ
1437 3980 1438 4053 i

232 4067 380 4140 eoque
475 4071 599 4128 rumen
692 4074 882 4132 tunultoeB
975 4077 1218 4135 tammoeirl’b
1322 4066 1438 4141 seeY

233 4157 352 4226 ternpuit
369 4155 435 4213 hbn'
522 4158 905 4230 nominatissimum
986 4165 1023 4220 45
1039 4168 1256 4234 nossemus.)
1280 4171 1314 4226 L

231 4237 357 4298 48'eotor
374 4243 433 4300 ET
523 4245 618 4316 oiimpi
636 4245 702 4302 obre
797 4247 834 4304 50
850 4248 895 4318 ut]
913 4249 976 4304 etb
1064 4251 1124 4306 iure
1144 4251 1171 4306 T
1265 4272 1382 4313 eorunm

231 4327 280 4395 L‘,
307 4329 479 4388 mmsebeu
