2934 4934
224 349 289 417 224
581 347 694 418 lingui
712 349 841 404 Felicis
860 349 990 404 Ennodi

226 538 391 604 saturitate
412 537 563 620 paginae,
598 537 854 620 sirepudiontnr
881 537 921 604 ab
950 539 1166 621 inpetrationa
1188 539 1348 606 ieiunant:
1449 510 1451 639 l

224 641 300 724 plus
317 639 459 706 inlicitus
493 640 632 723 epistolis
665 641 798 706 debetur
819 641 960 708 laudatio
992 660 1086 724 ouum
1119 644 1239 725 peritis.
1282 644 1349 709 iure

227 745 366 827 loquitur
387 743 493 810 uerbis
513 743 618 810 nitom
637 743 829 811 sublimibus
850 744 905 827 qui
927 749 1099 810 smmates
1120 747 1206 811 uiros
1225 745 1351 812 (licendi
1450 770 1451 811 ι

224 847 390 912 nammis
414 847 566 930 captiuut:
611 846 745 928 quoduis
777 851 949 913 oratorium
980 847 1108 914 schema
1135 849 1264 915 sinistra
1284 849 1350 913 iore
1450 900 1451 915 ,

224 950 370 1033 dimipat:
404 949 532 1015 ditescit
563 949 649 1018 enirn
676 949 788 1034 lingua
815 951 937 1016 nutrita
959 949 1124 1016 beneficiis.
1168 951 1287 1017 dudum
1310 951 1388 1016 ads

225 1053 429 1120 eminentiam
456 1057 593 1119 mmmm
626 1051 724 1118 dusxi
757 1053 975 1136 omlicumqus
1003 1054 1132 1120 audacia
1160 1053 1352 1138 producente

224 1156 433 1240 conloquium,
457 1159 536 1240 quod
560 1157 606 1222 ita
627 1158 765 1239 responsi
789 1157 881 1240 genio
904 1157 1110 1234 autionariis,
1135 1162 1172 1223 nt
1194 1155 1353 1224 crederem

224 1278 273 1324 me
301 1259 473 1344 perdidisse
507 1259 594 1344 digni
626 1260 744 1326 fauoris
779 1263 921 1346 tempora
952 1280 1008 1344 per
1041 1261 1194 1344 quietem,
1227 1261 1352 1344 qnando

224 1363 365 1428 modicus
387 1362 481 1428 sudor
503 1363 652 1428 iudicium
675 1381 781 1428 arcem
795 1365 931 1430 tenentis
952 1364 1112 1430 inlexerat.
1135 1363 1353 1446 promiseratis

224 1467 318 1532 etiam
347 1466 483 1544 domum,
522 1484 615 1549 qnam
647 1485 859 1551 poposceram,
895 1485 957 1533 non
985 1469 1169 1551 negandam.
1213 1466 1351 1551 geminis
1361 1487 1388 1529 ιο

225 1569 366 1634 eleustus
389 1567 579 1636 successibus
602 1567 795 1650 incedebam,
830 1570 859 1635 si
881 1572 914 1635 et
934 1570 1036 1653 opinio
1058 1571 1187 1654 perfecti
1209 1569 1349 1652 adstipu-

224 1673 338 1739 latione
361 1675 393 1739 et
416 1691 526 1740 census
542 1673 780 1756 locupletissimi
795 1673 943 1740 arcuisset
957 1673 1111 1756 inpendio.
1135 1673 1189 1738 sed
1211 1671 1351 1738 domator

224 1795 353 1852 moram,
376 1795 470 1860 quam
485 1777 606 1843 sterilia
621 1777 749 1860 quidem
764 1781 889 1861 peccata
903 1781 1097 1860 pepererunt.
1119 1795 1193 1843 nam
1208 1779 1240 1842 et
1256 1775 1352 1841 homo

225 1880 372 1945 culminis
395 1880 494 1945 uestri
517 1899 607 1962 quem
630 1879 845 1963 praestolabar
866 1880 1002 1962 aduenit,
1027 1881 1060 1946 et
1082 1879 1161 1945 nihil
1175 1879 1237 1944 sibi
1259 1897 1353 1944 man-

225 1983 333 2048 datum
363 1999 446 2061 esse,
479 1984 561 2066 quod
590 1981 753 2048 desideriis
782 1984 859 2048 meis
888 1981 1033 2066 prodesse
1061 1985 1176 2066 posset,
1199 1981 1387 2048 adseruits

223 2084 295 2150 uide
317 2083 500 2151 meritorum
523 2105 663 2152 meorum
686 2085 775 2152 fusca
797 2089 990 2152 commerciaz
1014 2104 1144 2168 quorum
1168 2087 1277 2150 contra
1301 2104 1353 2150 me

224 2189 356 2253 nitentia
378 2187 472 2254 fidem
496 2189 639 2275 frangere
660 2191 830 2273 nequeunt
854 2187 982 2273 exigunt
1003 2188 1196 2254 tarditatem.
1220 2187 1305 2253 abdi
1327 2207 1349 2254 a

225 2289 412 2356 conscientia
434 2309 505 2357 mea
527 2290 564 2356 de
586 2297 708 2357 uestrae
725 2293 866 2357 claritate
882 2289 1039 2357 diffidere:
1063 2293 1212 2358 obscenas
1229 2289 1348 2355 mentis

224 2397 272 2458 est
293 2398 404 2477 putare
427 2393 588 2460 constituti
604 2395 788 2461 memoriam
810 2413 873 2460 non
888 2413 1022 2460 manere.
1044 2393 1098 2460 sed
1120 2412 1204 2478 rogo,
1220 2399 1257 2459 nt
1273 2395 1352 2460 dnm

224 2499 372 2581 propositi
402 2499 499 2565 uestri
528 2499 630 2564 lucem
664 2500 818 2579 adseritis,
853 2519 960 2565 eorum
993 2497 1171 2581 quaemihi
1194 2498 1386 2562 debentnrro

223 2603 353 2667 obscura
386 2603 548 2685 superetis.
594 2620 666 2685 ergo
699 2602 903 2686 praestationi
941 2605 1064 2667 nestrae
1102 2601 1229 2686 genium
1268 2601 1349 2667 dono

224 2703 393 2770 celeritatis
416 2703 582 2771 infundite.
606 2703 730 2769 domine
746 2703 799 2783 mi,
826 2706 946 2771 cultum
962 2704 1160 2771 salutationis
1176 2704 1347 2787 inpertiens

222 2825 327 2890 preces
351 2807 460 2886 adicio,
484 2809 520 2876 ut
536 2810 728 2874 consularem
744 2807 917 2892 sportulam
932 2827 1004 2874 cum
1019 2825 1163 2892 responso
1185 2805 1348 2890 praefatae

223 2910 384 2994 petitionis
407 2911 567 2994 accipiam

275 3217 452 3286 1repndiunt
471 3217 501 3272 Β
600 3217 745 3274 adenem
762 3219 790 3274 Β
892 3219 1069 3273 isnmmetir
1086 3218 1114 3272 Β
1216 3182 1351 3286 4an

224 3322 251 3377 L
354 3337 440 3376 scema
458 3321 485 3376 Β
587 3322 652 3376 ieris
673 3323 717 3390 P,
747 3339 802 3378 sors
820 3324 869 3378 Po
971 3325 988 3379 5
1011 3323 1121 3377 ditiscet
1140 3321 1168 3375 Β
1273 3319 1352 3407 immi

223 3427 318 3496 lingua
342 3425 371 3480 Β
484 3427 501 3480 6
524 3439 600 3480 nram
626 3427 654 3480 Β
764 3427 954 3496 qualecumque
980 3427 1009 3481 Β
1115 3425 1229 3480 onmia
1255 3425 1283 3479 Β

224 3530 238 3582 l
257 3527 422 3582 subleuastes
440 3528 467 3583 Β
553 3530 680 3586 uredinem
697 3530 725 3585 Β
820 3533 837 3586 8
855 3531 937 3601 digna
952 3531 981 3587 Β
1076 3532 1093 3586 9
1111 3530 1238 3586 inlinerat
1255 3529 1284 3584 Β

224 3633 255 3686 ll
274 3631 422 3688 incidebam
440 3632 467 3686 Β
569 3635 593 3689 si
610 3637 664 3689 eta·
681 3635 709 3689 L
822 3636 855 3690 13
870 3637 1025 3706 peporimnt
1042 3635 1071 3692 B
1180 3635 1212 3688 14
1229 3635 1357 3704 praestu-

222 3733 337 3790 labarB
415 3736 447 3790 15
459 3737 584 3805 possitB
666 3738 697 3794 16
710 3738 876 3796 uideam.B
952 3740 1003 3809 me]
1016 3737 1094 3794 miB
1174 3738 1208 3793 17
1219 3741 1357 3807 quaesunt

222 3839 251 3892 Β
353 3839 464 3908 exignum
490 3855 540 3894 om.
566 3839 594 3894 Β
696 3842 826 3898 tarditate
852 3845 890 3898 mi
916 3843 945 3898 Β
1055 3845 1089 3899 18
1115 3859 1161 3898 ure
1187 3841 1228 3907 Β,
1257 3841 1357 3896 nestm

223 3939 266 3996 Po
366 3942 399 3996 19
416 3945 507 4011 potare
524 3942 555 3997 B
656 3944 690 4000 20
706 3944 834 4001 adieretis
851 3945 942 4014 BLV,
967 3945 1092 4001 maratis
1113 3943 1148 4000 Β·
1249 3943 1282 3998 21
1301 3957 1356 3998 sn·

222 4065 323 4132 perse
341 4064 370 4117 Β
461 4065 495 4119 22
512 4066 655 4122 ecrescere
668 4069 707 4136 (a
724 4069 881 4136 areola
978 4041 1095 4124 scine
1113 4067 1141 4123 n
1239 4065 1277 4118 mi
1294 4063 1357 4130 Pb,

222 4149 301 4251 inu,
327 4184 396 4238 mu
412 4183 501 4242 aar
590 4187 624 4242 aa
641 4203 747 4257 praeses
766 4188 793 4243 Β
883 4189 1028 4275 mucor
1115 4187 1280 4260 saturos

222 4287 257 4340 24
274 4287 408 4356 adcipiam
424 4289 453 4344 Β
