2934 4934
232 337 301 406 280
590 333 704 404 Magni
721 331 853 389 Felicis
870 331 1003 387 Enncdi

233 524 432 592 clamitantes
462 541 538 607 quos
568 527 713 608 oppetere
743 521 937 607 contigisset.
972 521 1047 606 quid
1075 525 1196 606 strages
1222 515 1364 588 militnm

231 628 393 696 reuoluam
422 629 454 694 et
476 625 635 695 Sabiniani
664 628 754 693 ducis
784 619 956 692 abitionem
985 626 1215 712 turpissimam,
1251 644 1365 692 cuma

231 734 353 800 ratione
375 731 536 798 diuidatur
550 732 687 797 retexere
702 726 920 797 exterminatis
935 729 1117 814 patrociniis
1132 730 1207 814 quid
1222 732 1364 796 euenesit

231 833 414 901 indefenso?
451 838 527 901 tuno
553 854 591 900 ne
616 833 774 902 uideretur
796 833 998 901 celebrandus
1021 833 1155 900 saeculis
1177 833 1280 898 Pitzia
1301 851 1367 928 non,

231 941 298 1006 mm
320 939 477 1006 militasse
500 940 619 1024 gloriae
641 958 736 1023 quam
758 938 935 1024 cupiditati,
959 937 1052 1023 liquit
1072 937 1149 1030 „ieris
1173 942 1229 1002 aut
1251 937 1397 1003 auibuss

232 1042 335 1128 campi
364 1041 520 1128 laborem,
554 1063 626 1108 enm
658 1043 796 1109 ieiunum
830 1042 967 1110 militem
1002 1040 1160 1126 opulentis
1195 1041 1362 1106 detrahere

232 1144 435 1213 cadaueribus
457 1145 537 1211 nihil
559 1135 689 1212 iuberet.
722 1143 777 1212 sed
795 1145 871 1211 haec
893 1144 1008 1229 quibus
1028 1144 1147 1228 linguis
1171 1141 1364 1210 sufficienter

232 1248 414 1331 explicanda
443 1251 538 1314 sunt?
572 1267 634 1333 qna
662 1248 811 1331 poterunt
834 1246 1000 1314 facundiae
1023 1240 1095 1312 dote
1116 1246 1274 1314 reserari?
1308 1246 1363 1312 din

231 1352 267 1417 tn
295 1350 402 1416 uicisti
428 1352 463 1416 in
493 1351 650 1418 uniuersis
685 1350 914 1437 congressibus·
932 1352 1011 1430 tuis,
1046 1367 1129 1418 nnnc
1151 1350 1309 1433 incipiens
1331 1352 1363 1415 in

188 1455 202 1510 i
231 1453 378 1537 obsequio
408 1454 523 1520 hebere
551 1455 695 1521 uictores.
733 1453 854 1520 interea
882 1453 921 1519 ad
947 1438 1083 1520 limitem
1106 1472 1198 1519 snum
1220 1453 1395 1519 Romanae

231 1575 326 1641 regns
348 1560 541 1623 remearunt:
564 1550 664 1622 dictas
680 1574 766 1622 more
780 1560 924 1622 ueterum
940 1561 1109 1642 praecepta
1122 1555 1363 1624 sirmiensibus:

231 1662 268 1725 de
297 1659 361 1725 suis
389 1679 443 1744 per
473 1659 670 1726 uicinitatem
699 1664 787 1729 tuam
817 1649 965 1726 dubitant
994 1660 1048 1744 qni
1076 1659 1226 1726 hactenns
1256 1663 1365 1727 nostru

231 1763 407 1829 tenuerunt.
424 1762 498 1847 quid
515 1749 686 1848 castigatas
694 1760 907 1831 Vandelosum
922 1763 1026 1829 nentis
1038 1764 1220 1847 parentibus
1236 1763 1365 1847 eloquar

229 1865 500 1950 depraedationes,
524 1867 636 1953 quibus
663 1887 718 1952 pro
747 1885 850 1937 annua
878 1867 1027 1951 pensione
1049 1869 1126 1934 sctis
1149 1872 1198 1934 est
1221 1869 1366 1936 amicitia

231 1970 310 2036 tna?
347 1971 473 2054 euagari
502 1971 586 2038 ultra
621 1971 866 2056 possibilitatem
902 1973 1044 2038 nesciunt
1079 1972 1158 2038 duco
1190 1973 1395 2054 sapientiam

231 2071 351 2138 adfines
372 2092 438 2139 esse
462 2074 652 2154 meruerunt,
683 2075 758 2158 quia'
776 2073 924 2142 'oboedire
945 2090 1007 2140 non
1029 2071 1180 2140 abnuunt.

273 2193 359 2260 Haec
381 2192 419 2261 de
438 2197 601 2276 gestorum
628 2190 755 2261 tuorum
784 2193 916 2261 cumulis
943 2193 1043 2260 maior
1071 2197 1145 2260 uoto
1175 2212 1268 2278 qnam
1300 2194 1365 2260 elo-

231 2296 358 2380 quentia
390 2295 531 2363 strictim
560 2292 683 2382 digesta
710 2297 876 2383 replicsui,
909 2297 1090 2365 melioribus
1122 2297 1252 2363 intacta
1272 2295 1365 2364 dere·

230 2397 384 2482 linquens.
424 2399 530 2490 uidero
563 2399 632 2484 quis
665 2419 716 2468 me
750 2399 859 2467 uincet
892 2400 1051 2471 facundia:
1087 2419 1177 2467 nemo
1213 2401 1300 2468 circa
1333 2405 1365 2468 te

230 2502 450 2593 transcendere
493 2501 613 2573 ualebit
655 2500 780 2570 affeetu.
829 2505 923 2572 habes
963 2504 1043 2572 hanc
1087 2504 1143 2571 deo
1186 2504 1395 2588 inspirantes

230 2599 518 2686 mansuetudinem,
532 2608 570 2676 nt
584 2611 616 2672 te
634 2608 705 2693 plus
720 2607 826 2675 credas
841 2627 930 2692 posse
946 2609 1114 2692 diligentia
1127 2629 1221 2693 qnam
1237 2610 1363 2676 timore.

232 2707 414 2776 excellentia
437 2709 516 2777 boue
537 2713 611 2776 sunt
629 2709 746 2794 gloriae
761 2712 832 2779 tuae
846 2712 964 2780 inserta
980 2713 1198 2790 monumentis,
1222 2713 1269 2790 ut,
1290 2732 1364 2778 cum

229 2819 261 2878 te
283 2831 373 2900 reges
396 2813 552 2893 metuant,
575 2816 681 2880 ament
699 2813 826 2881 famuli:
849 2834 924 2885 nem
938 2833 1149 2923 quaecumque
1165 2815 1225 2880 tibi
1239 2816 1364 2882 metitis

281 3100 395 3157 dduces
413 3101 441 3157 B
543 3102 719 3158 ambitionem
741 3103 850 3175 Dsssp
952 3104 1141 3176 ddinidstnr]
1159 3107 1301 3162 deuitetnr
1318 3107 1363 3162 sel

229 3203 388 3260 defendatur
414 3205 486 3262 ocni.
504 3205 608 3262 Masso
627 3206 695 3276 qaid
722 3207 843 3263 diuidere
867 3207 1039 3280 montmoret
1056 3212 1114 3265 sois
1131 3209 1295 3280 seusam

230 3306 303 3377 quod
327 3307 388 3367 DZ
487 3312 611 3400 euensrst
637 3309 665 3366 Β
767 3311 879 3381 4pizis
902 3313 928 3367 Τ
1028 3313 1198 3373 dieinmum
1215 3313 1261 3381 (il
1278 3317 1362 3382 eras.)

229 3413 264 3480 1,
290 3395 534 3499 mensumn
615 3415 699 3470 ssu
725 3415 788 3472 urs
899 3402 1004 3472 samio
1021 3400 1083 3482 no,
1116 3417 1223 3474 nme
1241 3417 1365 3496 anans

231 3515 285 3572 TV
401 3515 566 3572 discendis
582 3517 614 3583 Τ,
641 3515 781 3605 facundiae
798 3522 823 3587 (e
840 3530 904 3590 &ps
919 3537 956 3577 ss.
972 3524 1043 3590 soc.)
1061 3521 1099 3586 Β,
1125 3521 1293 3580 omnus

228 3607 1292 3707 detenuit-*reserurideletcm'fersotccpmminssdocerib
1430 3664 1431 3699 ,

228 3705 475 3796 conminus
503 3715 862 3800 assumentes
912 3730 918 3738 ¹
984 3718 1042 3783 aa
1069 3735 1120 3784 oo.
1145 3728 1195 3784 so
1321 3733 1361 3786 n·

228 3805 348 3878 cipiesp
397 3812 400 3820 ’
451 3809 482 3862 li
501 3807 588 3863 dictes
600 3809 656 3879 Bp,
679 3809 755 3866 diets
767 3809 891 3880 ΜΝ,
913 3814 1150 3885 dietstpissssp,
1174 3813 1294 3871 dictust

228 3891 419 3948 sermisnslbns
438 3886 496 3961 Bt,
523 3893 785 3953 sirmlniensibus'L
889 3899 922 3953 12
945 3896 1103 3956 snam'Dl'
1202 3898 1362 3957 sctennsll
1429 3940 1430 3949 η

228 3977 286 4034 LV
360 3980 633 4036 'minuendorum
650 3979 753 4039 LTVt
857 3985 891 4041 15
907 3985 1121 4055 possetilltetem
1139 3985 1166 4041 Β
1265 3986 1299 4043 lc
1317 3987 1361 4044 et
1429 3984 1430 4019 l

227 4067 316 4120 nnunt
335 4065 363 4121 L
461 4067 501 4121 ‘18
517 4067 628 4138 degesta
637 4069 769 4140 replicsni
786 4065 822 4138 Β,
849 4071 995 4142 dsgusmre
1005 4072 1108 4143 placuit
1119 4067 1155 4128 -B
1171 4074 1235 4141 (sel.
1247 4091 1283 4130 ss.
1295 4078 1361 4142 m)

227 4147 269 4218 op
371 4151 404 4207 19
421 4151 546 4208 tacendis
567 4151 605 4208 1⁸¹
706 4155 741 4211 21
764 4155 937 4228 indulgentis
954 4153 1147 4215 consutam
1251 4161 1360 4230 timrei
1428 4220 1429 4225 ,

228 4237 364 4320 amorel'
462 4237 856 4299 sermomonem?
956 4241 1224 4303 sciretne
1428 4242 1429 4337 i
