2934 4934
473 370 706 439 Epistularum
723 370 813 427 liber
830 373 853 426 Ι.
1183 378 1222 443 19

108 558 194 623 ambo
236 559 378 640 optemus
405 560 436 623 et
474 562 604 625 uincere.
642 560 731 626 nobis
769 579 822 642 per
852 563 1027 629 eommunia
1063 564 1221 646 pectorum

106 663 225 725 semota
247 661 414 727 uiuendum
436 660 539 742 potius
562 681 654 744 quam
677 663 851 727 obeundum
874 666 931 745 est,
950 666 1059 731 matris
1076 666 1221 733 ecclesiae

106 782 160 844 ope
181 763 321 841 sociatis,
345 782 422 846 quae
437 768 593 847 utrosque,
616 768 652 829 ut
666 785 742 831 uera
754 766 925 849 loquamur,
940 767 1012 833 fidei
1028 769 1121 835 ubere
1142 770 1221 835 lacte

104 869 205 947 pascit
232 865 344 935 altrici
381 871 502 932 cessent
530 867 661 935 anilium
682 870 859 934 commenta
879 870 1054 953 poetarum:
1084 871 1220 938 fabulosa

83 971 285 1054 erepndiatur
305 970 495 1052 antiquitas:
517 975 618 1037 status
640 975 789 1038 innocens
810 972 918 1037 ruinae
946 991 1140 1057 nequaquam
1161 977 1220 1041 mi·

103 1076 228 1139 sonatur
249 1073 388 1139 alterius.
423 1073 522 1151 nobis,
546 1075 573 1139 si
595 1075 698 1157 placet
719 1074 754 1140 in
776 1075 935 1141 nouellum
957 1094 1049 1140 nsum
1070 1077 1219 1143 maiorum

104 1175 245 1258 exempla
265 1193 424 1254 reuocare,
457 1177 562 1260 potins
582 1175 709 1260 Pyladis
731 1181 762 1242 st
784 1176 911 1257 Orestis,
940 1176 1009 1242 Nisi
1032 1178 1063 1243 et
1084 1178 1219 1262 Euryali,

102 1278 241 1343 Pollucis
255 1282 289 1343 et
303 1277 449 1355 Castoris,
463 1279 492 1343 si
505 1278 584 1343 nihil
599 1277 647 1343 his
663 1278 925 1345 clandestinorum
942 1280 1069 1345 actuum
1084 1281 1220 1363 decerpit

101 1382 294 1454 obscenitas,
323 1380 469 1446 conuenit
495 1382 615 1464 gratiae
648 1381 825 1445 meminisse
848 1382 900 1447 uel
921 1381 1003 1447 fidei.
1041 1400 1115 1464 quos
1137 1382 1220 1447 inter

69 1503 132 1549 rese
155 1487 205 1549 ita
224 1501 350 1550 concors
373 1484 548 1550 animorum
575 1483 716 1549 domarit
744 1484 929 1567 aequalitas,
953 1488 989 1549 ut
1011 1484 1121 1549 horum
1143 1486 1218 1551 duos

99 1587 258 1670 expetitus
290 1606 360 1652 cnm
391 1587 501 1651 amicis
532 1585 655 1651 iuuaret
681 1588 843 1665 interitus,
877 1587 955 1651 alter
988 1588 1086 1653 amico
1119 1588 1217 1653 uitam

100 1692 204 1774 pretio
226 1709 300 1755 suae
321 1689 431 1754 mortis
454 1688 600 1754 adferret
622 1689 774 1755 istasunt
789 1688 883 1774 digua
903 1688 1062 1769 memoria,
1078 1689 1218 1770 quotiens

101 1793 187 1858 iuter
209 1810 307 1858 nouos
334 1792 513 1858 concordiae
535 1810 629 1857 nexus
651 1790 728 1870 ndo,
757 1793 794 1856 nt
814 1792 860 1857 ita
882 1792 1021 1870 dixerim,
1046 1793 1218 1857 animorum

99 1896 184 1962 libro
203 1896 373 1978 cespitibus
395 1895 507 1961 ualidis
530 1892 633 1958 fetura
659 1893 774 1959 nobilis
801 1892 907 1959 iuncta
935 1894 1109 1958 maritatur.
1145 1893 1217 1959 illae

69 2001 220 2065 sementes
248 1999 437 2082 promittunt
464 2016 558 2081 poma
590 1997 784 2075 concordiae,
820 2016 897 2080 quac
928 1997 1003 2079 qnid
1035 1999 1068 2062 in
1096 1996 1218 2063 cultura

98 2102 224 2166 sudoris
245 2101 291 2165 sit
310 2118 388 2184 opus
410 2102 592 2183 agnoscunt.
615 2101 733 2184 gaudeo
759 2102 875 2183 tamen,
899 2102 978 2182 quod
1000 2100 1063 2164 iam
1085 2099 1216 2165 indisso·

97 2203 192 2269 lubili
222 2202 370 2268 societate
397 2203 534 2269 moribus
556 2202 716 2286 iungimur
745 2206 777 2267 et
806 2204 844 2269 ab
867 2202 947 2266 ostio
968 2201 1141 2267 affectionis
1163 2220 1217 2286 per

101 2306 252 2372 emminie
274 2306 396 2371 lancem
418 2305 559 2371 caritatis
578 2305 769 2371 incrementa
790 2322 973 2388 pensamus.-

20 2527 21 2549 1
636 2474 675 2538 Χ.

20 2567 21 2628 ³
64 2628 88 2667 a
471 2608 628 2665 rourum
654 2608 844 2667 sarsurus,

137 2736 250 2800 Vicum
278 2735 452 2813 reddemm,
487 2733 548 2799 nisi
576 2737 716 2798 oneraret
745 2732 941 2816 diligentiam
970 2731 1063 2797 amici
1083 2732 1215 2813 pectoris

97 2840 245 2903 roetituta
277 2836 431 2914 nudatio,
464 2855 503 2901 ne
532 2836 608 2901 dum
639 2835 672 2901 in
699 2836 869 2917 praeconiis
897 2836 1041 2899 mutuum
1073 2834 1215 2899 uidemur

96 2940 231 3019 scabere,
252 2938 442 3005 adulationis
457 2938 631 3020 suspicione
645 2938 802 3019 polluatur
817 2936 948 3001 adfectio
963 2940 995 3001 et
1010 2953 1095 3001 amor
1110 2939 1213 3003 currat

96 3044 126 3108 in
147 3044 283 3118 uitium,
317 3044 391 3107 dum
412 3041 491 3107 illud
513 3041 594 3125 quod
617 3040 699 3124 apud
721 3040 799 3105 ulios
820 3042 967 3107 debemus
998 3038 1098 3103 iacere
1127 3038 1215 3126 nobis

64 3148 332 3229 niuoonpetcntar
369 3144 550 3226 ingerimus
587 3144 759 3211 amantium
796 3144 879 3209 enim
916 3144 1096 3207 ornaments
1132 3142 1214 3207 inter

97 3247 269 3314 familiares
299 3247 430 3331 paginas
458 3245 618 3312 retinenda
639 3247 723 3324 sunt,
747 3262 808 3311 non
830 3244 991 3328 loquenda,
1024 3262 1062 3309 ne
1089 3245 1212 3309 tanturm

144 3452 318 3519 lpsutornm
335 3450 446 3518 scripsi,
472 3451 636 3518 pecatorum
655 3446 694 3514 B,
720 3450 890 3517 peccatorum
909 3446 1036 3501 LPTVt
1137 3446 1213 3501 3ιο-

93 3535 174 3591 mus
190 3536 302 3603 scripsi,
320 3535 425 3589 sociatu
442 3534 557 3602 LPTV,
583 3534 682 3588 meista
698 3534 742 3589 Bb
844 3536 876 3589 ut
893 3532 954 3599 Bo,
972 3549 1021 3587 om.
1039 3531 1151 3588 LPTV

94 3622 110 3675 5
111 3622 258 3709 'marus
266 3618 294 3675 L
318 3624 355 3687 ιιξ
364 3636 433 3676 orna.
555 3618 570 3672 'l
598 3618 695 3688 piladis
726 3620 752 3673 T
869 3620 964 3674 curiali
992 3618 1145 3675 BLPi'Vt

95 3670 220 3774 θ’ἶίαῆ
198 3690 326 3761 ..L-.-
266 3722 285 3760 u
302 3720 371 3760 cras.
475 3704 509 3757 12
529 3704 632 3775 praecio
649 3704 710 3759 LV
808 3706 841 3759 14
858 3706 1017 3775 caespitibus
1035 3706 1062 3759 B
1165 3704 1213 3759 ille

96 3792 150 3846 Μ’
266 3790 298 3845 15
324 3790 423 3845 mentis
452 3788 477 3844 T
576 3791 665 3861 ponne]
691 3787 761 3845 bona
787 3790 869 3848 Sirra.
984 3791 1015 3845 11
1042 3791 1127 3845 mutio
1152 3790 1212 3856 PT,

96 3920 152 3969 osto
176 3914 205 3969 L

143 4016 178 4072 ιι
208 4017 241 4072 ar
265 4017 407 4071 ammae
429 4016 517 4083 ιιι,
543 3987 685 4101 perimet
707 4016 735 4070 a
836 4018 954 4083 potores
972 4014 999 4069 n
1100 4014 1134 4067 ιιι
1151 4013 1212 4067 eoo

96 4118 205 4175 lationis
224 4119 251 4173 B
346 4119 539 4189 suspitioneT
638 4118 791 4187 polluantur
807 4116 835 4169 L
852 4133 869 4169 n
887 4132 956 4171 crue.
1060 4114 1094 4169 25
1112 4115 1211 4170 incom-

93 4208 215 4272 manser
232 4204 318 4260 LTV
413 4205 557 4274 ingerimus
575 4205 665 4270 Sirra,
691 4204 843 4273 ingeremus
860 4202 1013 4258 BLPTVb
1115 4200 1149 4255 26
1165 4217 1211 4272 pa·

20 4281 21 4288 '
94 4290 358 4359 ginancrus.

1072 4390 1109 4443 2*
