2934 4934
287 373 351 439 386
645 372 761 442 Magni
779 372 904 428 Felicis
921 373 1056 430 Enuodi

287 564 410 631 succisa
442 564 545 630 radice
577 563 774 630 substantiae
806 569 941 649 regionis
974 568 1061 632 illius
1090 570 1194 634 status
1223 569 1256 634 in
1281 587 1389 652 pronun

287 669 463 734 deflexerat.
502 685 557 750 por
589 667 733 734 incursus
767 669 852 734 enim
887 669 1046 736 uariarum
1080 672 1222 754 gentium
1255 669 1389 737 cotidiam

286 769 465 855 gladiorum
497 785 584 854 seges
618 787 753 836 messem
785 770 960 837 nobilitatis
993 771 1169 839 absciderat
1201 775 1234 839 et
1267 772 1389 839 iocunde

285 874 414 944 humaui
440 875 588 958 germinis
618 877 718 940 terras
741 874 789 941 ira
811 877 979 958 populante
1002 877 1173 944 desolabat
1206 877 1270 942 iam
1289 874 1388 949 unns

285 979 413 1058 Heruli,
442 977 589 1056 Saxones,
625 977 818 1062 multiplices
847 979 1070 1045 crudelitatum
1098 980 1218 1064 species
1248 977 1412 1045 beluarunc

286 1101 370 1148 more
392 1081 593 1166 peragebant,
618 1097 696 1162 quac
718 1082 882 1146 nationum
900 1081 1066 1148 diuersitas
1079 1081 1303 1167 superstitiosis
1316 1099 1388 1146 nau·

285 1188 387 1270 cipate
420 1184 550 1250 culturis
584 1183 657 1248 deos
690 1200 762 1248 suos
790 1183 928 1248 bumana
962 1185 1127 1252 credebant
1161 1186 1253 1251 caede
1280 1183 1390 1250 mulceri

283 1309 340 1356 nec
361 1305 513 1370 umquam
527 1285 664 1370 propitia
679 1305 712 1352 se
727 1285 840 1352 babere
855 1287 994 1373 numina,
1017 1287 1079 1354 nisi
1095 1307 1168 1354 curn
1182 1307 1221 1353 ea
1233 1287 1390 1372 acqnadnn

283 1411 390 1458 cruore
417 1392 606 1474 placassent:
638 1407 757 1454 cessare
786 1389 984 1456 confidebant
1011 1391 1091 1457 iram
1114 1392 1296 1458 caelicolum
1315 1392 1387 1456 inno

284 1495 384 1561 centis
411 1494 560 1560 effusione
590 1492 769 1576 sanguinis,
803 1493 858 1576 qui
884 1493 984 1558 utin
1011 1495 1148 1577 gratiam
1175 1495 1314 1561 redirent
1331 1510 1413 1558 cunc

282 1599 400 1682 superis
422 1597 496 1674 suis,
518 1596 761 1680 propinquorum
783 1601 1008 1662 consueuerant
1028 1602 1145 1664 mortes
1168 1598 1289 1665 offerre
1314 1614 1388 1679 quos

282 1717 413 1784 cumque
440 1705 548 1765 tamen
576 1699 712 1781 religiosi
743 1697 856 1764 titulus
883 1698 1061 1766 declarabat
1088 1701 1200 1784 officii,
1233 1702 1289 1767 hos
1316 1698 1390 1783 quau

281 1804 448 1870 sereniores
463 1803 580 1868 hostias
596 1800 814 1879 immolabant,
837 1801 1041 1868 aestimantes
1056 1804 1139 1886 quod
1152 1803 1277 1887 piorum
1290 1803 1389 1887 iugulis

282 1907 458 1973 diuinitatis
487 1909 623 1972 cessaret
650 1904 826 1988 indignatio
849 1909 882 1969 et
904 1905 991 1971 beret
1017 1907 1152 1972 materia
1178 1907 1298 1992 gratiae
1319 1907 1390 1971 locus

280 2011 423 2076 offensae.
457 2009 540 2075 inter
563 2025 639 2092 quas
662 2011 841 2091 temporum
862 2009 1014 2092 procellas
1031 2008 1235 2076 Constantius
1257 2009 1412 2093 pontiicna

281 2133 320 2179 ne
342 2113 416 2196 quid
437 2113 471 2177 iu
494 2113 609 2178 mundo
630 2111 760 2176 haberet
782 2110 930 2188 subsidii,
954 2115 1037 2178 terra
1059 2112 1235 2196 hospitibus
1258 2113 1390 2196 deputata

280 2216 417 2284 humana
438 2216 507 2300 lege
528 2215 680 2280 liberatus
703 2217 759 2280 cst

321 2322 397 2386 Post
413 2316 501 2384 cuius
516 2317 739 2384 resolutionem
753 2316 928 2383 Anbnium
948 2319 1090 2384 nostrum
1107 2319 1219 2385 famuli
1236 2322 1277 2386 ad
1293 2317 1389 2384 Italiae

278 2424 393 2505 pentes,
417 2421 528 2505 quibus
552 2421 681 2486 caelitus
705 2419 808 2486 fuerat
831 2421 1010 2503 deputatus,
1046 2420 1169 2487 Christo
1191 2424 1271 2489 duce
1291 2421 1389 2506 perdu·

278 2528 363 2590 cunt.
401 2525 538 2607 principe
564 2524 631 2590 locc
654 2523 795 2588 Tellinae
817 2523 925 2601 uallis,
954 2542 1033 2607 quae
1056 2526 1087 2590 id
1108 2524 1219 2591 sortita
1241 2527 1291 2591 est
1312 2541 1414 2588 noca-s

278 2627 361 2706 buli,
395 2629 493 2694 limen
526 2627 718 2712 ingreditur:
756 2644 852 2709 quam
884 2627 1040 2692 montium
1074 2647 1109 2693 cx
1144 2631 1277 2712 utroque
1309 2628 1390 2692 latero

277 2731 414 2798 brachiis
448 2731 602 2796 fabricata
636 2733 768 2795 naturae
795 2729 879 2796 ditat
908 2730 1078 2798 amoenitas
1107 2734 1138 2796 et
1167 2732 1205 2797 de
1233 2730 1390 2797 uerticibus

276 2834 417 2900 fecundis
445 2833 586 2900 amnium
613 2833 704 2917 plebe
734 2834 905 2916 locupletat
933 2835 1010 2898 uber
1037 2834 1154 2910 solum,
1189 2835 1272 2918 quod
1300 2832 1390 2900 anub

275 2941 441 3021 respondet
469 2938 557 3004 iuxta
583 2937 738 3003 desideria
765 2936 963 3002 inmoderata
989 2936 1176 3018 cultoribus,
1207 2957 1270 3003 non
1298 2940 1390 3004 tanuen

275 3041 321 3104 ita
347 3040 453 3105 aristis
487 3039 729 3124 praegrauidum
761 3043 817 3104 aut
851 3041 995 3106 dotatum
1022 3041 1147 3122 pascuis
1180 3044 1236 3108 aut
1265 3038 1415 3108 arbustisc

275 3142 429 3210 consitum
464 3145 519 3209 aut
551 3143 731 3210 fluminibus
764 3144 901 3226 laetum,
935 3150 971 3207 ut
993 3160 1055 3208 non
1076 3144 1105 3208 ei
1127 3145 1196 3227 plus
1218 3143 1390 3227 superueni-

275 3249 355 3312 entis
376 3263 523 3328 personae
551 3247 655 3331 gratia
681 3248 855 3330 praestaret
882 3265 977 3330 quam
1004 3246 1104 3328 ipsius
1127 3246 1259 3330 originis
1282 3249 1391 3314 uenata

274 3356 306 3413 et
328 3349 477 3415 distincta
499 3349 688 3416 formositas.
725 3350 792 3414 illic
812 3350 913 3416 Mario
935 3348 1133 3434 presbytero,
1163 3352 1216 3434 qui
1237 3349 1389 3435 spiritibus

273 3454 431 3520 inmundis
460 3451 695 3528 dominabatur,
730 3453 895 3518 adiunctus
925 3457 988 3532 cst,
1023 3455 1096 3538 quia
1123 3454 1202 3520 haec
1223 3458 1274 3520 est
1295 3470 1390 3520 rerum

273 3555 421 3634 condicio,
444 3558 480 3621 nt
502 3555 577 3621 uoui
599 3555 734 3621 hominis
757 3574 858 3622 mores
881 3556 1024 3640 diuulgct
1044 3559 1174 3623 inuenta
1195 3558 1344 3624 sodalitas
1364 3562 1415 3619 ctu

323 3745 338 3798 1
362 3745 460 3799 succisi
477 3743 515 3798 L¹
532 3743 689 3798 utuidetur
780 3744 798 3798 4
815 3744 953 3814 germinis]
972 3745 1076 3814 generis
1094 3745 1110 3799 b
1196 3746 1212 3800 l
1230 3749 1296 3799 oede
1313 3741 1391 3804 BYL

270 3830 383 3885 cedtL
485 3828 618 3886 ucesiu
720 3830 910 3899 SeelsedB
1012 3831 1196 3900 equaliumB
1301 3833 1392 3885 boon·

269 3924 390 4037 ccccmo
412 3949 441 4005 Β
543 3950 681 4006 errorum
705 3952 733 4006 a
838 3953 872 4007 ιο
891 3952 921 4006 sn
937 3953 965 4008 n
982 3966 1004 4007 o.
1021 3953 1041 4008 ι.
1145 3952 1179 4007 rc
1196 3953 1324 4009 nosnos·
1341 3951 1391 4011 nc.

269 4053 412 4110 hostilibus
431 4053 512 4110 Siron.
610 4055 737 4124 depotata
755 4055 782 4110 B
878 4056 912 4110 21
931 4059 1056 4126 uteroque
1072 4057 1108 4123 B,
1134 4058 1247 4124 utreque
1268 4055 1337 4110 T¹V

268 4141 302 4194 23
321 4141 432 4195 annium
452 4139 487 4194 T¹
590 4141 688 4195 somlu
706 4141 733 4196 L
836 4143 870 4198 24
892 4143 1030 4212 respondit
1052 4144 1092 4209 Β,
1122 4141 1284 4212 mposdaet
1305 4142 1332 4197 L

268 4227 302 4281 25
323 4227 427 4282 saristls
451 4229 474 4294 (t
491 4230 572 4295 arm.)
596 4229 622 4282 L
725 4229 759 4283 26
777 4231 909 4284 corutum
926 4231 1040 4298 scripsi,
1069 4231 1235 4298 coupcdtum
1253 4229 1337 4292 labri,-
1362 4227 1390 4290 ό.

266 4329 294 4381 p.
308 4317 369 4378 329,
387 4317 406 4368 8
492 4313 517 4366 ei
535 4329 585 4368 cm.
603 4314 686 4370 LTV
770 4315 804 4368 28
821 4313 950 4384 distiglta
969 4314 995 4369 L
1080 4313 1247 4370 30conditio
1263 4315 1332 4369 labri
