2934 4934
1134 377 1222 428 XXXI

98 556 134 618 14
156 553 261 634 iperius
283 552 364 634 qnod
387 551 502 616 rariore
533 567 590 616 usu
613 569 668 632 pro
690 549 758 614 eins
781 556 964 633 usurpatur,
998 551 1118 616 omittit
1142 552 1183 634 (ei

95 657 305 722 Bollsndistae
328 659 562 738 reposuerunt);
587 655 863 731 3131133111.
887 656 939 737 36,
965 654 1015 720 19.
1037 654 1090 734 47,
1114 656 1142 720 9.
1167 655 1221 734 59,

96 761 141 824 17.
165 760 218 842 81,
245 757 572 837 lassasset.
600 759 724 836 104,.3.
749 757 821 835 131,
847 758 895 823 10.
923 759 992 838 168,
1018 758 1067 826 16.
1093 761 1167 837 209,
1190 760 1222 824 5.

94 864 164 946 228,
190 862 339 942 20243,
365 864 390 926 1.
415 863 488 946 272,
511 863 541 928 6.
568 862 640 938 273,
664 860 714 924 20.
737 862 810 937 281,
832 862 881 926 14.
906 860 1047 940 285,15.
1071 861 1145 940 338,
1169 862 1221 944 22,

10 951 11 956 '
93 969 164 1042 345,
191 966 218 1029 t.
244 966 316 1044 349,
345 966 394 1031 12.
417 965 491 1042 343,
514 965 566 1030 ne.
591 965 663 1043 351,
690 961 890 1042 133331.
920 965 993 1042 381,
1017 965 1048 1031 3.
1070 967 1145 1048 roe,
1172 966 1221 1032 rs.

10 1067 12 1090 *
92 1071 164 1148 412,
194 1070 242 1135 15.
270 1069 344 1146 415,
367 1068 418 1134 25.
448 1069 521 1146 452,
548 1069 596 1132 13.
627 1067 699 1148 412,
724 1069 774 1133 20.
804 1067 878 1144 480,
904 1069 953 1134 18.
976 1067 1049 1150 481,
1073 1067 1125 1132 27.
1148 1068 1222 1151 499,

10 1167 12 1190 ¹
91 1173 120 1238 4.
155 1174 207 1250 14,
246 1174 357 1256 331133
386 1172 463 1236 13313
492 1174 613 1236 certum
648 1171 803 1252 quoddam
832 1172 1026 1236 emendantis
1055 1172 1223 1239 consilium

10 1303 11 1328 r
91 1277 251 1342 neminem
274 1277 384 1360 lugiet.
409 1283 528 1359 quauta
550 1278 656 1340 antem
679 1276 848 1340 sedulitate
871 1277 904 1339 31
925 1275 1024 1340 enimi
1046 1276 1221 1341 intentione

91 1381 123 1444 in
147 1399 187 1445 33
216 1398 250 1444 re
282 1381 495 1464 persequenda
523 1379 740 1456 elaborauerit,
769 1378 842 1456 505,
866 1378 905 1443 21
940 1379 1057 1461 optime
1090 1377 1223 1443 indicari

10 1553 11 1564 ,
91 1485 227 1561 uidetur,
257 1483 310 1548 ubi
339 1501 394 1566 pro
426 1483 586 1547 3333131313
615 1500 687 1546 enm
716 1481 770 1546 ille
799 1481 879 1564 quod
916 1484 996 1546 Iret
1019 1482 1047 1547 V
1074 1482 1223 1547 exhibent

10 1649 12 1666 ,
91 1591 170 1652 etate
209 1587 245 1651 in
284 1604 340 1651 suo
380 1585 547 1670 archetypo
590 1583 746 1650 inueniret
778 1585 982 1670 ineptumque
1014 1585 1222 1668 intellegeret,

90 1695 170 1755 etate
186 1693 311 1772 quidem
329 1691 478 1768 exorauit,
503 1689 558 1755 sed
574 1691 647 1754 3313
661 1691 739 1754 31313
754 1690 873 1772 aliquot
888 1689 1068 1754 litterarum
1084 1688 1222 1771 spatium

91 1795 129 1858 ed
160 1793 373 1875 recipiendam
403 1792 654 1859 emendationem
681 1809 817 1858 uacuum
845 1791 981 1875 reliquit.
1019 1792 1098 1857 haec
1124 1791 1223 1873 igitur

90 1901 175 1976 sunt,
212 1897 325 1978 quibus
360 1899 452 1962 codex
474 1897 500 1960 Τ
523 1896 654 1980 insignis
682 1900 728 1960 331
757 1913 856 1978 33333
887 1897 1045 1979 propriam
1068 1897 1223 1979 quendem

92 2000 316 2066 auctoritatem
340 1999 406 2064 eius
428 1999 615 2078 confirmari,
639 1999 694 2064 sed
717 2001 887 2065 maximam
901 2005 1024 2083 partem
1040 1999 1225 2066 arbitrariae

89 2104 280 2168 recensionis
302 2104 432 2168 inuenta
454 2102 607 2168 contineri
628 2103 816 2186 putauerim,
845 2121 1033 2186 quamquam
1055 2105 1223 2168 nonnullas

10 2263 11 2288 ,
90 2207 327 2274 emendationes
351 2226 387 2270 er
409 2206 512 2272 codice
542 2208 626 2282 ¹unde
662 2205 838 2287 descriptus
871 2213 930 2286 est,
964 2209 1018 2290 331
1051 2208 1223 2290 scripturas

90 2311 225 2376 alterius
259 2307 400 2374 familiae
434 2309 1015 2394 13133333333133313131313331,
1046 2314 1167 2393 33313
1190 2329 1223 2376 re

10 2413 11 2416 ’
90 2412 176 2479 inira
198 2413 310 2490 dicem,
334 2412 458 2477 haurire
480 2413 593 2494 potnit.

10 2609 11 2616 ,
131 2535 224 2599 idem
247 2533 344 2599 etiem
367 2535 400 2597 in
423 2551 484 2597 uno
507 2533 644 2599 alteroue
668 2535 787 2599 recenti
801 2533 900 2609 libro,
924 2535 977 2617 qui
1004 2553 1075 2599 curn
1104 2533 1221 2616 proprii

10 2625 11 2636 ¹
90 2639 165 2704 boni
189 2637 330 2718 alioquin
352 2635 432 2701 nihil
454 2636 569 2703 habeat
591 2656 690 2719 neque
713 2635 779 2702 ulla
800 2636 861 2703 fide
883 2639 995 2722 dignus
1018 2639 1070 2717 sit,
1099 2639 1223 2704 minute

10 2725 11 2802 ἶ
90 2747 197 2808 tamen
222 2739 256 2806 et
282 2741 388 2806 1331113
416 2759 492 2806 uere
521 2741 700 2807 oonieotnre
728 2744 915 2818 emendauit,
939 2741 1072 2806 3113113
1096 2759 1222 2823 eorrup-

91 2846 167 2910 telis
203 2845 273 2908 inre
306 2843 447 2924 offendit,
481 2846 571 2927 plura
603 2846 820 2928 interpolando
854 2844 1044 2927 corruptiore
1075 2843 1222 2928 reddidit,

92 2949 291 3014 obseruatur.
329 2949 377 3013 ita
403 2967 495 3012 nemo
518 2951 577 3014 erit
600 2951 716 3031 opinor,
741 2951 776 3014 ut
797 2966 858 3013 nno
881 2949 1086 3013 recentissimi
1108 2949 1222 3014 codicis
1245 2934 1368 3042 04114111)

90 3051 117 3116 Ρ
139 3051 285 3134 exemplo
306 3053 388 3130 uter,
412 3053 486 3134 quia
508 3052 560 3116 hic
583 3072 646 3118 nou
668 3052 769 3118 solnm
792 3051 936 3118 faciliora
958 3051 1072 3116 ruenda
1094 3071 1147 3117 suo
1171 3071 1222 3117 ar·
1246 3031 1372 3074 'mm

10 3157 11 3184 ¹
91 3150 186 3216 bitrio
224 3152 356 3218 sustulit
391 3153 551 3218 scribendo
589 3154 644 3232 10,
682 3153 725 3217 24
760 3154 872 3217 neem
908 3173 962 3236 pro
999 3159 1093 3220 stemo
1133 3157 1167 3238 (1.
1194 3177 1222 3222 3.

10 3283 12 3330 ς
90 3255 226 3318 aestimo
251 3256 332 3336 qnod
353 3256 584 3321 restituendum
607 3255 677 3336 1311,
701 3275 763 3321 333
782 3258 950 3340 minimo),
975 3259 1024 3336 13,
1042 3260 1063 3324 3
1084 3249 1230 3340 superna¹

10 3425 11 3428 ,
94 3359 258 3439 (empna),
296 3359 353 3435 21,
385 3359 433 3424 18.
473 3359 545 3438 223,
576 3359 598 3424 5
633 3361 679 3423 mi
718 3361 840 3444 (milri),
878 3361 937 3445 27,
967 3364 986 3427 8
1023 3362 1225 3443 suspenderes

93 3459 335 3543 (impedere),
365 3459 416 3538 35,
441 3460 459 3523 t
482 3463 567 3524 31313
593 3462 749 3544 (statem),
778 3460 831 3541 56,
856 3462 997 3528 1611133
1021 3462 1125 3546 (iidie),
1152 3464 1223 3547 133,

10 3601 11 3616 ,
94 3563 134 3628 12
157 3561 322 3628 disceditis
340 3561 533 3646 (disciditis),
559 3563 630 3641 142,
654 3563 676 3628 4
697 3565 886 3645 accipientes
907 3565 1125 3651 (desipientis),
1151 3566 1223 3644 145,

94 3666 135 3731 12
157 3665 275 3732 decidit
301 3664 438 3747 (decedit,
462 3665 605 3750 decidat),
633 3667 707 3744 211,
734 3669 773 3732 14
795 3669 885 3732 oneri
910 3668 1058 3752 (bonore),
1087 3669 1160 3746 214,
1185 3670 1223 3735 17

10 3823 11 3826 ,
93 3771 249 3853 3144331333
276 3770 421 3834 immittit
448 3769 489 3835 1³⁹
515 3771 650 3853 (mittit),
683 3772 823 3852 227,19
845 3778 1014 3853 parentem
1035 3771 1077 3839 P²
1101 3775 1141 3855 (et
1157 3792 1225 3855 pn·

10 3861 11 3868 '
93 3876 239 3956 reaten),
262 3873 336 3956 241,
361 3874 403 3939 25
424 3873 576 3940 indociles
595 3875 781 3959 (indocilis),
804 3877 877 3955 309,
900 3878 944 3943 22
964 3877 1226 3959 impudentissimi

10 3995 11 4022 ³
93 3977 261 4045 boninum
284 3982 315 4042 31
337 3979 409 4053 468,
426 3979 469 4043 30
488 3979 695 4061 1331313333
717 3979 880 4046 bominem
900 3999 956 4064 pro
978 3981 1122 4045 mmimn
1146 3984 1226 4065 (sae-

92 4082 223 4164 piaeima
248 4081 331 4146 enim
353 4079 512 4145 Euuodius
540 4099 611 4145 enm
639 4081 840 4164 superlatinis
861 4082 1038 4164 genitiuum
1060 4080 1225 4146 bominem

10 4177 11 4230 l
94 4185 258 4270 coniungit
279 4186 316 4248 ut
336 4183 598 4261 emendatissime,
621 4183 850 4249 intintoissmie
869 4183 1048 4262 bominem,
1071 4203 1225 4268 nusquam

94 4288 250 4373 oonninm,
285 4286 373 4352 uelut
395 4285 447 4367 22,
471 4289 501 4353 6.
537 4287 608 4367 110,
632 4287 683 4352 24.
720 4288 792 4369 112,
814 4288 865 4354 23.
902 4287 1047 4372 122,19.
1077 4288 1150 4368 178,
1173 4288 1225 4353 22.
