2934 4934
592 394 710 448 orario
729 394 764 453 u
1178 398 1240 464 rer

107 580 186 646 icrri
208 582 410 649 demeteret
435 582 528 649 eiiera
556 583 718 649 bominum
752 587 844 651 corda
872 584 1039 651 domitrice
1068 584 1242 651 mortono

106 684 259 766 captiunt
286 684 419 769 uictum,
442 687 503 753 uisi
518 690 734 752 macerentur
748 689 847 771 terge,
870 686 1057 753 mortalibus
1072 705 1136 753 non
1150 704 1241 770 pree·

106 786 229 853 borant
244 788 322 853 artis
339 792 396 867 eet
414 791 496 873 quod
515 790 670 873 liquidum
686 791 783 857 maria
797 792 989 858 elementum
1003 790 1095 857 bomo
1113 808 1242 857 swnrus

105 890 284 973 ingreditur
306 892 340 955 at
360 910 457 974 paruo
475 893 656 959 discrimine
671 914 727 977 per
741 895 869 977 ingonia
881 895 945 960 iter
958 896 1071 959 mortis
1083 898 1241 977 exuperat.

87 994 262 1078 omagietra
287 996 495 1077 agricolarum
517 996 703 1080 simplicitas
726 997 850 1063 tellure
872 997 988 1063 iaciom
1010 996 1087 1061 dnm
1103 997 1241 1063 brachiis

104 1096 284 1181 distinguit,
308 1098 414 1163 uineta
434 1102 580 1182 conponit
602 1103 635 1164 et
657 1100 695 1163 de
717 1101 804 1183 prole
828 1099 975 1165 arborum
994 1099 1158 1182 liquorem,
1180 1118 1241 1184 quo

104 1198 193 1265 smus
209 1200 378 1279 nutriatur,
396 1203 568 1283 extorquet.
591 1201 701 1267 multis
720 1202 946 1268 manifestatur
966 1201 1091 1267 indiciis
1111 1220 1241 1285 operan-

104 1306 176 1367 tmn
204 1302 370 1387 diligentia
396 1306 451 1369 aut
480 1303 606 1369 infundi
635 1305 717 1387 quod
747 1304 833 1389 origo
861 1322 924 1370 non
955 1305 1068 1369 tribuit
1089 1308 1145 1370 aut
1166 1308 1243 1389 quot

104 1404 188 1469 bone
209 1404 325 1472 tribuit
347 1407 509 1474 emtodiri.
531 1411 565 1473 et
587 1407 615 1473 si
637 1409 713 1473 talis
736 1408 786 1473 eat
806 1427 911 1473 rerum
931 1408 1079 1474 uniuersa
1093 1408 1242 1485 condicio,

66 1509 232 1590 soporante,
255 1510 362 1575 doctor
384 1509 607 1589 eruditissime,
634 1510 814 1577 sollicitudo
836 1514 894 1576 tua
916 1512 965 1575 eet
979 1509 1129 1576 eleuands
1151 1528 1241 1592 prae·

101 1609 210 1687 conio,
242 1630 299 1694 per
321 1610 412 1677 cuiue
443 1612 601 1679 dormtum
622 1613 756 1679 libertas
778 1614 844 1679 ism
865 1614 993 1696 iamque
1016 1614 1140 1679 ruitura
1159 1613 1242 1679 reio·

101 1712 222 1779 natur?
258 1732 315 1796 per
336 1714 426 1781 cuius
447 1716 595 1798 peritiam
623 1720 679 1782 aut
707 1716 918 1783 instituuntur
947 1716 1074 1781 nouella
1101 1718 1157 1781 aut
1177 1733 1243 1781 aar·

102 1818 222 1883 umtur
244 1816 356 1883 deoora
370 1817 549 1885 maiorum?
572 1837 644 1885 nore
663 1819 774 1900 fateor,
796 1819 860 1885 nisi
874 1837 968 1896 essm,
993 1818 1082 1885 breui
1098 1836 1242 1885 succum·

101 1921 195 1986 beret
224 1921 368 2007 quioquid
392 1926 548 1987 monebat
569 1924 741 2008 ingenium.
769 1923 824 1989 scd
847 1922 921 2006 quid
943 1922 1065 2007 obligor
1085 1922 1242 2007 nummu,

65 2023 161 2106 requi
182 2025 335 2092 rotinere
356 2043 456 2107 parua
476 2042 539 2091 non
561 2026 667 2105 uelem
698 2026 730 2093 et
759 2027 941 2118 generalem
963 2025 1044 2091 facio
1065 2025 1243 2108 gratarum

102 2127 289 2194 relationem
315 2129 369 2211 qui
391 2129 444 2195 uir
472 2148 528 2212 pro
557 2146 691 2212 persona
720 2125 869 2195 sufficio?
913 2129 1025 2195 uberes
1053 2128 1116 2194 tibi
1137 2146 1242 2197 eoram

102 2232 227 2311 multis,
249 2232 502 2299 emendatissime
518 2233 689 2314 bominum,
706 2238 812 2317 grates
828 2232 924 2298 refero
940 2232 995 2315 qui
1015 2232 1141 2314 agnosci
1156 2252 1176 2299 o
1189 2252 1242 2299 me

103 2334 293 2400 Partenium
320 2335 523 2403 institutione
550 2337 665 2404 iecisti.
710 2340 747 2403 tn
776 2339 815 2404 de
843 2339 910 2403 eius
938 2338 1063 2420 pectore
1094 2337 1243 2403 scientiae

103 2437 230 2504 sarculo
251 2439 387 2522 paliuros
418 2442 451 2505 et
478 2440 590 2506 lolium
614 2440 820 2507 submouisti:
850 2446 887 2507 tu
914 2440 1074 2505 triticeam
1096 2457 1241 2517 messem,

65 2559 170 2624 „qua
191 2543 380 2625 propinquae
404 2543 521 2625 pascet,
545 2543 687 2625 eleuastl,
711 2543 798 2609 felici
820 2544 855 2609 in
877 2562 913 2609 eo
935 2545 1050 2609 euentu
1071 2560 1127 2624 per
1149 2542 1243 2607 fami·

101 2644 223 2711 liarum
257 2643 483 2711 dissonantium
520 2664 617 2712 unum
651 2648 733 2729 quod
762 2648 947 2729 sequoretur
975 2648 1007 2710 et
1035 2644 1123 2711 aliud
1158 2646 1241 2727 qnod

103 2748 230 2831 ingeret
252 2748 511 2827 demonstrandos
546 2767 563 2815 o
586 2750 745 2816 laudanda
766 2768 862 2834 supra
882 2750 1043 2815 hominem
1067 2749 1116 2814 toi
1137 2749 1242 2815 uirtus

104 2852 241 2937 ingenii!
273 2852 308 2917 in
330 2869 394 2917 una
415 2851 585 2935 eademque
606 2870 741 2935 persons
763 2872 825 2936 qna
853 2854 937 2933 arte,
967 2854 1050 2935 quod
1072 2856 1242 2933 utrumque

103 2954 315 3022 descendebat
337 2956 541 3041 sunguine,
567 2957 642 3039 quid
666 2956 799 3023 disceret
820 2957 853 3021 et
875 2956 949 3040 quid
973 2955 1163 3033 dedisceret,
1192 2954 1241 3019 in·

64 3060 227 3128 edioeed.
259 3058 345 3125 laeto
369 3058 445 3125 deus
467 3059 585 3143 gaudia
606 3060 717 3126 noema
738 3060 886 3142 disponat
908 3065 1039 3125 euentu:
1069 3057 1178 3143 procul
1198 3056 1243 3123 sit

104 3164 323 3246 quodcumque
353 3164 494 3229 minatur
523 3161 709 3229 aduersitae.
749 3165 820 3249 plus
848 3164 883 3227 in
905 3165 939 3229 te
967 3161 1160 3230 laudandum
1182 3162 1242 3237 oet,

157 3436 170 3488 1
190 3434 256 3489 ferri
273 3435 385 3505 scripsi,
412 3434 485 3490 forro
503 3436 570 3499 libri
673 3436 799 3493 dometur
821 3438 893 3497 cosi.
914 3436 1057 3503 armum,
1086 3434 1243 3490 dominatur

103 3520 221 3588 BLTV,
240 3520 385 3577 donaturb
470 3520 608 3591 icaptiua
621 3521 704 3579 auor
792 3522 1032 3595 termarum„
1049 3524 1123 3576 tarra
1137 3522 1173 3575 Τ·

101 3604 244 3675 preberent
260 3604 390 3673 ΒΒΤΨ,
418 3606 539 3676 preberet
559 3606 595 3662 2⁷²
683 3606 878 3664 belimontom
894 3607 923 3663 Β
1009 3608 1028 3662 5
1044 3606 1242 3676 agricultarum

102 3692 132 3747 Β
217 3692 428 3749 barbaranu·
519 3694 758 3763 commoliunt
846 3694 864 3749 8
882 3692 1029 3763 diligentie
1050 3692 1075 3747 Τ
1159 3694 1243 3745 act·—

101 3779 120 3832 l.
134 3780 171 3832 12
188 3782 331 3834 sanantur
349 3779 376 3834 Τ
391 3780 522 3835 euomuit
539 3794 611 3836 corr.
626 3780 682 3835 olto
695 3785 853 3836 &torrento
950 3782 1018 3848 quot
1035 3778 1143 3847 scripsi,
1170 3777 1242 3847 quod

101 3864 168 3921 utre·
252 3864 497 3923 ttonditioIrTV
585 3866 822 3935 liipremuioLV
914 3862 1175 3921 lilibartasoscB

103 3952 137 4007 13
155 3952 270 4009 aeas
362 3952 453 4009 breuis
471 3956 498 4019 (e
515 3956 597 4023 aaa.)
619 3951 646 4007 V
739 3954 772 4011 16
790 3968 930 4023 persom
948 3950 976 4007 L
1079 3949 1171 4006 ubmis
1187 3949 1242 4005 tibi

101 4060 151 4115 pro
167 4060 278 4115 persona
295 4045 323 4101 Β
428 4045 460 4100 17
478 4046 566 4115 gratis
584 4046 612 4101 Β
714 4047 779 4116 qnia
802 4048 829 4103 L
933 4046 967 4100 19
984 4045 1106 4115 paliuros
1124 4044 1179 4112 1¹¹„
1196 4060 1243 4114 pa·

101 4150 190 4205 liures
208 4146 366 4217 ΒΒΡΤΨ,
394 4148 565 4219 paliurumb
662 4148 796 4204 trititiam
816 4148 847 4217 Τ,
874 4144 986 4203 tricem
1005 4148 1032 4203 Β
1131 4146 1167 4203 20
1183 4164 1242 4218 pro

100 4245 220 4314 pinques
238 4242 266 4297 Β
353 4243 387 4297 ti
411 4242 514 4313 rugerio
536 4242 564 4298 Β
651 4244 685 4299 23
703 4258 756 4313 quo
777 4242 803 4299 Τ
903 4242 939 4298 24
955 4240 1129 4300 discendebat
1146 4243 1175 4298 Β

100 4330 214 4385 discesit
232 4328 297 4384 ΒΥ*
402 4329 545 4385 dediscerit
562 4328 659 4386 BY¹V
759 4330 795 4385 id
812 4319 967 4385 minabatur
984 4328 1012 4384 Β
