2934 4934
253 370 316 438 202
612 368 726 437 Magni
744 367 872 423 Felicis
888 366 1019 423 Ennodi

251 579 313 625 non
346 560 449 626 studio
481 577 586 624 sernas
619 558 846 643 philosophiam
879 558 926 625 nil
948 558 1079 643 dicendi,
1113 576 1175 623 non
1208 558 1377 641 respiciens

252 666 384 740 ueteres,
414 663 450 726 ut
483 662 684 745 loquerentur
715 660 843 746 melios,
866 662 899 727 in
922 661 1099 744 praesentia
1120 660 1166 725 nil
1188 660 1318 737 locutos,
1342 663 1375 725 ct

251 764 340 832 illem
364 765 484 831 silentii
507 784 613 831 curam
631 766 787 831 nutricem
809 764 905 830 fuisse
927 764 1085 829 sermonis.
1114 766 1149 828 tu
1164 762 1280 828 uideris
1297 762 1376 827 mihi

252 867 433 952 disciplinas
445 869 569 933 Atticas
580 868 614 933 in
626 870 716 933 muta
730 866 866 933 fideliter
881 870 968 948 parte
983 867 1106 938 sectari.
1123 866 1231 929 nolens
1247 864 1376 930 silentio

252 972 411 1056 adqmsita
432 972 574 1055 uulgare.
602 970 729 1038 ostende
744 972 815 1053 post
830 972 891 1036 oris
907 969 1000 1035 leriae
1016 986 1095 1052 quae
1111 968 1169 1033 tibi
1185 968 1376 1050 parantium
1397 989 1411 1031 s

251 1076 363 1141 callem
385 1074 514 1140 diuitiae
537 1076 759 1139 commearunt.
786 1073 951 1140 destinasti
972 1072 1051 1136 mihi
1067 1071 1218 1136 dictiones
1241 1073 1324 1145 tuas,
1340 1070 1376 1135 in

251 1178 362 1259 quibus
385 1178 445 1243 etsi
459 1195 520 1243 non
536 1177 599 1242 fuit
614 1177 749 1260 optanda
763 1176 954 1254 sublimitas,
971 1194 1032 1240 non
1053 1175 1160 1239 tamen
1183 1173 1375 1256 deprehensa

252 1284 300 1345 est
323 1298 400 1362 quae
423 1280 560 1346 sorderet
582 1279 725 1344 abiectio.
772 1278 822 1359 egi
856 1282 911 1345 deo
945 1279 1073 1363 gratias,
1101 1277 1175 1360 qnia
1195 1277 1259 1341 iam
1282 1276 1315 1340 te
1339 1275 1378 1340 de

252 1382 387 1461 uinculo,
411 1383 444 1446 in
467 1401 527 1465 quo
549 1382 748 1465 neglegentia
763 1381 1035 1465 constringebaris,
1058 1398 1222 1447 exemeras.
1245 1378 1378 1463 promisi

252 1484 452 1567 sequentibus
485 1485 637 1567 potiorem
671 1504 850 1550 successum
880 1486 1098 1550 aestimatione
1120 1482 1275 1567 principii.
1322 1483 1377 1547 sed
1386 1506 1410 1547 ro

251 1605 307 1652 uos
328 1587 567 1671 inchoationem,
602 1594 755 1672 quantum
788 1590 827 1655 ad
861 1608 921 1665 me,
957 1590 1007 1654 cui
1029 1587 1109 1652 nihil
1133 1585 1280 1669 dirigitis,
1304 1602 1378 1649 cum

252 1693 450 1756 extremitate
473 1690 627 1759 innuistis.
665 1691 776 1757 domne
798 1691 952 1771 Messala,
982 1692 1094 1757 cotidie
1116 1690 1204 1753 cuius
1226 1689 1270 1753 sie
1292 1686 1378 1753 filins

251 1791 366 1858 habere
387 1798 460 1859 ante
480 1794 586 1859 oculos
615 1794 715 1859 cordis
749 1795 798 1858 dei
826 1794 925 1858 nostri
947 1792 1177 1876 dispensatione
1200 1794 1377 1874 contingat.

252 1898 304 1961 sed
326 1896 399 1961 nolo
420 1897 540 1979 prolixa
562 1915 628 1964 esse
643 1916 722 1980 quae
738 1914 848 1979 aspera
863 1900 945 1962 eunt.
968 1897 1040 1962 nale
1059 1895 1159 1962 officio
1174 1895 1377 1960 salutationis

252 2000 378 2081 accepto
393 2002 426 2063 et
437 2003 611 2083 correptum
629 2004 661 2065 te
672 1999 924 2083 suggestionibus
936 2000 1013 2064 meis
1024 1998 1239 2082 frequentibus
1251 2002 1410 2083 resignas

252 2102 366 2167 muniis
389 2101 576 2167 litterarum.

775 2288 854 2353 IIII.

626 2438 809 2495 ENNODIVS
832 2440 1000 2495 saluom.

295 2563 345 2627 hd
367 2563 535 2647 longinqua
567 2563 742 2647 digrediens
776 2564 916 2629 caritatis
950 2564 1103 2628 inmemor
1132 2564 1279 2629 extitisti.
1318 2582 1380 2629 non

251 2662 342 2729 licuit
355 2668 459 2731 tecum
475 2667 559 2749 piam
575 2665 772 2750 diligentiam
787 2684 893 2731 muros
908 2667 998 2730 exire.
1022 2665 1098 2730 dum
1113 2665 1199 2732 urbis
1214 2665 1410 2734 habitatores

251 2785 293 2845 cs,
327 2767 496 2833 fabricatas
530 2768 699 2833 blanditias
732 2786 794 2833 non
827 2766 893 2831 sine
922 2768 1050 2834 daedala
1071 2770 1138 2833 arte
1161 2771 1319 2836 custodis:
1345 2776 1379 2837 at

251 2870 306 2935 ubi
328 2890 381 2935 rus
402 2872 573 2953 petendum
596 2888 662 2937 esse
684 2872 866 2951 decreueris,
890 2870 979 2953 quasi
1003 2888 1112 2954 graues
1135 2871 1273 2938 sarcinas
1297 2875 1378 2939 ami-

251 2989 360 3037 cornm
380 2976 562 3040 memoriam
584 2974 784 3057 derelinquis.
806 2979 843 3039 tu
864 2974 990 3040 nillares
1013 2973 1143 3039 delicias
1166 2977 1323 3058 expetisti,
1349 2980 1379 3041 et

250 3090 306 3139 nos
329 3074 412 3157 apud
444 3077 475 3140 te
508 3078 590 3141 inter
617 3078 778 3142 moenium
806 3076 893 3143 mala
916 3078 1134 3143 remansimus.
1180 3096 1241 3144 non
1265 3080 1379 3146 habuit

250 3176 386 3241 radicem
401 3178 531 3256 affectio,
549 3197 641 3261 quam
657 3181 746 3266 uelut
762 3198 908 3244 curarum
922 3182 1081 3245 tormenta
1095 3185 1256 3263 separasti.
1279 3182 1410 3263 dicasse

250 3280 332 3343 unde
355 3285 422 3345 tam
449 3281 539 3346 uelox
562 3283 779 3364 exprobratio?
811 3300 867 3348 nec
900 3302 1033 3365 aequum
1066 3301 1133 3349 esse
1164 3284 1270 3368 parari
1305 3290 1379 3351 ante

303 3536 502 3608 lfilosophiam
520 3539 548 3592 Β
633 3538 711 3608 nihil]
730 3544 749 3592 ll
768 3539 795 3592 T
876 3540 1009 3594 tuemur
1027 3539 1054 3594 Β
1139 3541 1245 3595 locutus
1262 3543 1308 3598 111>

249 3622 392 3677 3ailentia
411 3624 450 3679 L*
535 3640 627 3679 curam
644 3640 694 3679 om.
713 3624 740 3679 Τ
831 3624 983 3681 dimmuta
1003 3628 1029 3681 Τ
1118 3627 1183 3681 9in
1200 3630 1263 3697 qno]
1282 3628 1378 3700 iniquo
1440 3622 1441 3631 ’

251 3708 278 3763 L
371 3710 581 3779 constrigebaris
598 3711 625 3765 L
723 3712 852 3766 emineres
870 3712 897 3766 B
992 3712 1161 3781 promissiB
1265 3716 1300 3769 10
1317 3732 1378 3771 suc·

249 3810 322 3849 cassu
349 3794 376 3849 L
488 3799 519 3853 11
547 3797 726 3851 incentionem
753 3798 781 3851 Β
889 3797 1015 3867 dirigetis
1044 3799 1072 3853 Β
1184 3800 1217 3854 12
1244 3801 1378 3857 iunxistes

248 3880 288 3934 13¹
391 3881 497 3937 domins
518 3882 615 3938 LTVb
717 3882 831 3939 mmmle
855 3880 894 3937 Β1
998 3885 1030 3939 15
1054 3884 1165 3953 adcepto
1190 3886 1218 3942 Β
1321 3904 1378 3941 cor-

249 3970 351 4021 rectum
364 3967 446 4024 ΒΝ
528 3967 784 4038 sucgestionibusB
870 3969 977 4039 resigna
990 3970 1088 4025 muniis
1100 3962 1287 4039 frequentibus
1302 3974 1330 4029 T
1439 3984 1440 4060 l

299 4070 367 4127 1111.
399 4072 431 4127 19
448 4071 579 4127 exstitisti
601 4072 626 4127 V
714 4072 750 4127 20
767 4072 850 4128 licust
869 4074 896 4128 B
988 4074 1136 4129 alescat
1155 4074 1206 4141 Ph,
1232 4078 1261 4128 et
1280 4075 1309 4129 Β

247 4154 342 4210 dedala
364 4158 478 4214 BM'V
576 4158 610 4212 ad
629 4159 684 4214 BL
787 4160 999 4215 221usom.1'
1100 4160 1134 4215 23
1151 4160 1265 4246 nihsrss
1285 4160 1313 4215 T

249 4274 354 4329 emeras
371 4274 400 4330 Β
501 4277 537 4330 Β
553 4276 654 4333 muner
671 4278 699 4333 Β
803 4280 838 4335 as
855 4252 928 4349 ffers
946 4280 974 4334 Β
1074 4280 1109 4336 ae
1127 4284 1183 4335 ren
1202 4281 1230 4336 Β
1247 4296 1268 4335 ε.
1287 4281 1308 4336 s.
