2934 4934
244 376 285 443 92
598 370 712 440 liugai
728 370 855 426 Italicis
873 370 1003 427 Ennodi

242 562 298 629 sed
312 565 450 628 nostram
464 560 616 627 roualuret
631 559 805 627 infantiam.
826 559 907 639 uolo,
923 576 1007 626 soror
1018 558 1178 645 lluprepia
1194 560 1357 643 quiequam

244 666 283 731 olo
302 665 532 748 prouiuoiarum
554 662 648 729 malis
671 662 731 742 uel,
754 662 836 728 siout
858 661 976 743 dixisti,
996 661 1167 729 bominum·
1177 660 1358 727 inmissione

244 767 386 835 oauseris.
415 784 605 851 quocumque
627 764 827 844 abscesseris,
850 767 1000 848 quantum
1021 782 1068 831 res
1090 764 1197 844 donet,
1219 764 1358 831 menum

243 872 325 936 male
348 869 505 936 credulum
526 887 588 936 uon
609 868 746 935 omittis:
780 867 858 933 uitia
879 870 984 935 nostra
1004 866 1165 951 regionum
1186 867 1357 931 mutatione

243 991 304 1038 uon
326 971 473 1057 fugimus.
510 973 592 1038 oirea
616 973 801 1056 propinquos
829 970 887 1037 tibi
909 970 970 1037 fuit
998 972 1062 1037 tale
1090 970 1300 1056 propositum,
1322 970 1394 1035 uto

242 1094 297 1142 noo
318 1073 479 1141 beneiaota
504 1076 644 1159 ipsorum
665 1076 749 1141 iustu
776 1073 1030 1157 interpretatione
1052 1091 1195 1155 pensares
1227 1088 1285 1138 neo
1307 1090 1358 1136 er·

244 1196 346 1244 oessus
369 1178 476 1243 debita
497 1180 622 1243 tautum
643 1178 879 1261 reprehensione
901 1177 1078 1260 corriperes.
1109 1176 1164 1241 sed
1186 1175 1261 1259 quid
1283 1192 1358 1259 opus

244 1284 289 1345 est
310 1279 422 1347 doloris
443 1280 610 1363 epistulam
624 1280 693 1346 fieri
714 1278 906 1363 longiorem?
928 1277 1088 1363 ingenium
1109 1281 1250 1344 uestrum
1272 1277 1359 1345 nulla
1456 1320 1457 1341 t

243 1381 357 1464 eloquii
378 1384 492 1465 poterit
505 1384 627 1449 mutare
646 1382 816 1449 affluentia
840 1381 921 1467 quod
936 1382 1045 1460 restat,
1067 1382 1145 1460 nale,
1161 1380 1206 1445 mi
1221 1379 1357 1460 domina,

242 1488 273 1550 et
294 1487 386 1568 prout
409 1486 530 1569 expedit
557 1484 692 1552 ordinem
715 1485 800 1552 uitae
830 1486 901 1551 tuae
928 1484 1110 1567 animaeque
1133 1500 1278 1568 ooupone.
1309 1502 1396 1549 mono
1456 1506 1457 1597 q

242 1591 347 1654 tamen
362 1589 511 1671 Lupicino
533 1589 655 1656 noueris
679 1607 740 1655 non
762 1586 842 1672 quod
863 1587 922 1655 tibi
938 1586 1041 1667 debeo,
1063 1586 1116 1653 sed
1134 1584 1215 1670 quod
1236 1586 1359 1653 animae
1456 1598 1457 1669 1

242 1709 327 1757 meaa
350 1692 511 1758 oouuaniat
533 1691 761 1775 impensurum,
790 1692 863 1776 quia
884 1689 950 1755 sola
972 1690 1034 1775 est,
1068 1706 1146 1773 quae
1169 1689 1318 1754 maiorem
1341 1706 1359 1753 a
1456 1674 1457 1743 l

183 1853 186 1858 Α
242 1796 297 1861 deo
311 1792 548 1861 retributionem
563 1798 707 1876 meretur,
723 1794 855 1873 uffentio,
868 1811 938 1859 oum
954 1792 1048 1859 nullis
1060 1792 1222 1857 homiuum
1233 1790 1358 1857 dotibus

243 1900 408 1981 prouooata
425 1898 610 1965 oouooditur.

716 2082 883 2149 xxvrrrr.
1079 2096 1081 2105 ·
1369 2130 1397 2171 ω
1456 2112 1457 2183 3

600 2236 784 2293 suuourvs
808 2234 996 2293 susurrum.
1456 2188 1457 2229 ³

284 2356 433 2438 Quotiens
455 2377 601 2425 sensuum
624 2360 805 2444 pignoribus
838 2358 935 2425 uerba
967 2357 1172 2436 famulantur,
1206 2359 1296 2440 quasi
1324 2359 1359 2423 in

242 2464 373 2545 quodam
394 2462 517 2544 speoulo
539 2464 585 2527 ita
606 2464 636 2527 iu
659 2461 781 2546 paginis
804 2480 905 2528 sermo
928 2460 989 2527 sibi
1012 2462 1142 2526 amioam
1164 2460 1267 2544 pingit
1289 2459 1359 2526 sifi·
1456 2468 1457 2543 Ῑ

242 2568 333 2652 giem,
356 2584 426 2630 oum
448 2583 508 2647 qua
529 2564 603 2631 uiua
625 2566 693 2631 uiae
714 2564 908 2648 conloquitur
930 2567 962 2629 et
982 2563 1067 2630 rluloi
1088 2562 1254 2630 simulaoro
1277 2565 1359 2630 elasi-

242 2668 333 2735 deriis
348 2669 534 2752 obsequente
548 2669 734 2751 gratulatur.
757 2666 846 2734 nulla
860 2667 989 2751 quidem
1009 2667 1192 2748 oouoeptum
1207 2665 1398 2733 foederatiro
1456 2738 1457 2743 ,

240 2769 371 2854 peotoris
393 2772 548 2855 eloquitur
576 2774 636 2837 oris
659 2770 839 2850 affluentia·
864 2771 897 2837 et
919 2788 991 2837 oum
1011 2767 1075 2835 sint
1103 2768 1244 2835 laetiora
1264 2768 1359 2835 uerba

241 2875 396 2942 benefieiis
419 2892 475 2940 uso
497 2874 609 2939 existat
623 2875 704 2957 quod
725 2891 864 2941 oresoero
886 2875 1021 2957 nequeat
1042 2870 1208 2937 ambitione
1223 2872 1357 2950 dicendi,

242 2995 299 3061 ego
319 2978 354 3043 in
368 2976 547 3061 explioandu
562 2977 643 3043 eirea
664 2994 719 3042 uos
736 2976 898 3061 diligentia
913 2979 1053 3041 arentem
1067 2974 1163 3039 testor
1178 2972 1358 3040 infantium.

240 3079 479 3145 unanimitatem
490 3082 595 3145 tamen
607 3081 744 3146 uestmm
755 3077 983 3145 taoiturnitatis
995 3076 1124 3157 insesso,
1140 3078 1220 3158 quoi
1231 3078 1359 3157 gemina

292 3354 306 3405 1
325 3317 453 3438 reuoluti}
468 3350 497 3404 B
514 3352 594 3419 (oorr.
613 3367 647 3405 oa.
666 3354 693 3420 1)
797 3350 941 3420 quidquam
959 3348 1015 3404 BL
1126 3348 1360 3419 Ipnouintianum

242 3454 297 3510 LV
390 3453 575 3511 sentations
593 3454 631 3509 Β1
734 3453 908 3524 ioorriperie
925 3453 962 3518 Β,
988 3452 1160 3524 abriperesT
1256 3454 1362 3511 talu·

241 3568 315 3622 entia
331 3566 358 3619 B
459 3541 519 3621 iure
536 3541 621 3623 {estat
641 3567 667 3622 T
767 3568 799 3623 10
822 3569 884 3623 tuas
904 3582 954 3623 ooo.
977 3564 1099 3623 LPTVb
1202 3566 1362 3637 animaeque

241 3651 298 3719 Bb,
324 3650 459 3723 animique
475 3650 558 3707 ΜΨ
572 3658 599 3708 et
610 3658 674 3723 post
691 3668 761 3711 oorr.
780 3654 808 3708 P
908 3653 939 3709 11
958 3651 1004 3707 sed
1022 3652 1093 3721 quod
1110 3650 1202 3720 ΡΝ,
1229 3650 1277 3706 sed
1293 3652 1362 3723 qnid

239 3736 363 3793 BLT¹V
461 3738 494 3793 12
510 3738 594 3795 maior
611 3740 653 3793 est
670 3739 698 3795 L
796 3740 830 3795 14
847 3738 1015 3796 oouueditur
1032 3738 1048 3795 b
1066 3744 1092 3795 et
1108 3738 1190 3795 Sim

291 3840 435 3897 XXVIIII.
473 3842 504 3897 16
520 3842 640 3913 engsuifi
657 3844 686 3898 B
790 3844 822 3899 17
841 3840 1005 3899 seuseumL
1107 3840 1188 3896 uerba
1207 3844 1236 3909 (u
1250 3844 1362 3911 portes

240 3962 385 4032 sermon
470 3963 503 4019 1e
514 3936 666 4048 quimus
757 3964 923 4035 turgisum
1018 3962 1289 4033 19uioe1uooePTt

242 4080 277 4135 ao
293 4082 405 4138 rums
423 4082 451 4139 s
551 4084 586 4139 aa
602 4081 752 4141 amusos
769 4084 797 4139 a
881 4083 933 4139 ‘aa
952 4058 1180 4169 inanimatum
1197 4081 1224 4137 a
1320 4085 1360 4139 u-

242 4184 580 4327 rmmmgummrasm
594 4187 623 4241 s
725 4186 760 4242 ar
778 4175 853 4243 uiam
865 4188 897 4243 a
908 4174 957 4243 uie
972 4187 1080 4243 acore.
1093 4202 1128 4240 a
1139 4188 1168 4251 a,
1185 4186 1290 4255 sumo

240 4286 343 4327 1111108111
