2934 4934
461 384 694 454 Epistularum
718 383 809 438 liber
827 381 903 438 vm.

608 589 759 657 XXXIII.

383 743 567 802 ssuonrvs
584 742 796 800 nosmrsnns
814 744 983 802 omoono.

158 869 203 933 Et
225 870 306 952 quod
330 887 362 934 es
384 868 584 933 miseratione
606 868 737 934 ornetur
758 869 792 932 et
814 866 895 950 quod
917 866 1042 932 iuturus
1072 887 1104 931 es
1126 866 1244 950 pietate

119 971 330 1054 conquiritur,
361 971 394 1035 et
420 971 584 1036 dieoonnrn
612 969 662 1035 bis
685 968 799 1034 studiis
821 968 973 1048 extulisti,
996 968 1084 1034 ouius
1105 969 1151 1034 rei
1172 987 1244 1053 pro-

99 1075 220 1140 emittit
241 1091 315 1140 oure
336 1072 527 1158 pontifioem.
549 1073 764 1160 praesentium
785 1071 912 1138 bsinlns
933 1071 1082 1140 honestus
1104 1071 1243 1139 moribus

118 1181 232 1244 notura
252 1175 395 1243 sublimis
418 1177 677 1262 genuinisolaoii
705 1176 831 1242 orbatus
853 1173 1008 1258 praesidio
1030 1173 1164 1241 Romam
1184 1194 1240 1259 pro

118 1279 257 1346 honestis
272 1277 405 1358 artibus,
420 1279 497 1345 boet
512 1279 779 1364 peregrinaturus,
811 1275 952 1362 expetiit.
975 1278 1047 1344 uide
1065 1277 1092 1343 si
1106 1293 1242 1344 merean-

118 1384 169 1448 tur
193 1401 212 1448 e
233 1383 377 1464 religioso
400 1383 478 1448 bene
504 1384 577 1449 nato
604 1381 754 1466 loeupleti
782 1382 883 1449 iuuari
910 1381 973 1448 istu
994 1397 1073 1466 quse
1094 1379 1240 1464 praetuli.

117 1503 201 1550 nuno
228 1483 332 1551 offioio
362 1485 559 1552 salutationis
589 1485 725 1552 exhibito
751 1503 844 1570 rogo,
871 1487 910 1552 ut
939 1485 967 1550 si
989 1501 1048 1564 me,
1080 1483 1108 1549 si
1129 1485 1244 1550 bonam

87 1607 212 1672 nequem
235 1591 375 1656 coemisti
404 1591 578 1673 opinionem
601 1589 723 1674 diligis,
753 1589 893 1674 inpensis
917 1586 1063 1673 portitori
1085 1588 1242 1654 adulescat

118 1692 252 1758 auxiliis.

597 1879 765 1946 XXXIIII.

407 2031 590 2090 ENNODIVS
608 2033 792 2090 solimano
811 2033 953 2093 ΑΒΒΔΤΙ.

158 2153 285 2224 Diuinis
300 2156 473 2225 declaratur
489 2157 655 2240 exemplis,
669 2156 729 2224 nisi
744 2176 801 2240 per
816 2157 866 2228 dei
879 2158 1016 2240 gratiam
1030 2154 1243 2224 usitedonem

87 2257 282 2329 eleusinam
305 2257 487 2326 caelestium
509 2278 571 2326 non
594 2261 712 2328 uenire
740 2280 819 2344 queo
842 2262 926 2332 enim
947 2258 1119 2326 recordatio
1139 2257 1242 2340 potest

118 2381 184 2428 esse
205 2365 412 2449 poenantium,
435 2364 496 2430 nisi
512 2365 641 2432 oooultis
658 2365 821 2434 itineribus
836 2365 924 2432 tenor
940 2365 1083 2436 oaelesds
1098 2364 1242 2445 operetur

118 2472 148 2531 et
165 2486 222 2551 per
237 2467 323 2534 uiam
337 2467 496 2536 mentibus
512 2467 699 2551 inspiratam
713 2473 930 2552 quodpropter
942 2468 1243 2551 peooetssubrepere

117 2574 241 2652 poteret
256 2569 437 2637 eliminetur
451 2570 592 2638 obliuio?
609 2571 787 2654 inpetratue
800 2572 867 2638 ism
879 2572 1006 2641 diuinus
1014 2566 1242 2636 misericordiae

117 2671 233 2739 fiducia
255 2677 304 2740 est
327 2674 484 2740 uultornsn
502 2673 554 2739 dei
578 2675 693 2740 animis
708 2693 770 2742 non
785 2675 902 2740 deesse.
925 2692 999 2760 ergo
1013 2674 1133 2757 gratias
1146 2671 1244 2736 refero

86 2777 255 2842 ”trinitati
278 2779 334 2841 deo
362 2780 478 2856 nostro,
512 2776 567 2859 qui
600 2778 637 2842 nt
669 2796 719 2843 me
752 2778 928 2844 reuerentia
959 2779 1067 2842 uestrs
1098 2774 1251 2856 alloquiis

117 2881 263 2946 risitaret
284 2880 396 2963 exegit
421 2879 556 2964 suseipio
581 2883 613 2946 et
631 2879 858 2947 oboedientiam
880 2883 1034 2946 nestrum:
1078 2895 1136 2944 nou
1157 2874 1243 2941 enim

117 2988 246 3068 exiguus
262 2983 366 3052 uultus
381 2983 510 3050 debetur
524 2981 777 3066 obsequentibus,
794 3001 866 3048 oum
878 2979 995 3047 Obristi
1007 2980 1107 3066 glorie
1117 2979 1243 3044 moneat

118 3087 334 3170 imperantem.
369 3091 455 3154 orote
485 3105 540 3170 pro
574 3107 632 3166 mo,
670 3087 724 3170 qni
747 3086 954 3154 humanitatis
974 3084 1242 3163 imbecillatum

117 3191 218 3256 edbuo
246 3191 324 3256 estis
350 3191 499 3270 homines,
529 3191 681 3272 euitastis,
707 3209 783 3275 qnos
805 3190 939 3275 contigit
960 3190 1093 3256 necdum
1117 3204 1242 3270 oorpore

167 3425 299 3482 XXXIII.
333 3429 351 3482 2
376 3426 510 3482 hormisde
537 3429 593 3484 ΒΤ
693 3430 820 3486 diaeonus
847 3429 901 3484 BL
926 3430 975 3485 sed
996 3446 1015 3483 u
1037 3443 1072 3482 ex
1095 3444 1110 3482 o
1132 3431 1164 3482 sot
1185 3426 1244 3482 uod

117 3529 185 3570 corr.
203 3514 232 3568 Β
323 3513 405 3584 aba]
423 3516 455 3568 tn
474 3513 517 3569 Pb
608 3516 716 3571 4studi
735 3517 860 3571 sextilisti
880 3517 907 3571 Β
992 3515 1132 3584 promittet
1148 3513 1177 3568 Β

116 3601 133 3654 5
151 3600 257 3655 baiulus
274 3599 302 3654 Β
406 3601 422 3654 6
441 3601 543 3670 gemini
561 3601 611 3656 Pb
712 3603 804 3657 solatii
821 3601 906 3657 BLT
1005 3599 1131 3670 preesidii
1148 3599 1176 3653 Β

116 3685 132 3738 l
151 3687 265 3755 exputiet
282 3688 311 3741 Β
413 3687 431 3740 8
454 3687 543 3740 iuberi
565 3687 593 3740 Β
697 3689 730 3742 10
753 3689 870 3758 portitor
893 3689 942 3743 Pb
1045 3687 1180 3741 adulisout
1197 3700 1244 3740 au·

166 3873 313 3932 mun.
351 3877 383 3931 13
400 3877 525 3931 ennidius
542 3877 569 3932 Ι,
656 3879 778 3948 portiano
796 3878 852 3934 Μ’
941 3879 975 3934 15
991 3877 1131 3932 solertium
1148 3875 1175 3929 Β

116 3962 277 4018 enim-nisi
296 3979 346 4020 om.
363 3963 394 4018 Β
502 3965 535 4019 16
554 3963 629 4019 fabor
648 3963 675 4019 Β
787 3965 912 4034 aelestius
930 3965 959 4019 Β
1070 3963 1103 4019 17
1122 3963 1179 4015 nim
1195 3959 1243 4014 used

115 4047 280 4119 insperatam
297 4049 363 4112 sort.
449 4052 589 4120 subrepere
606 4050 657 4116 Pb,
683 4051 820 4120 subripere
838 4049 950 4106 Bm
1039 4049 1072 4104 18
1089 4047 1243 4102 eliminatur

120 4135 156 4188 Τι
235 4138 371 4206 inpetrato
384 4137 414 4190 Β
495 4136 669 4207 morigeris
752 4137 867 4208 suspirio
878 4138 946 4204 fort.
1033 4139 1061 4190 et
1072 4135 1109 4202 Β,
1126 4149 1177 4188 om.
1190 4131 1246 4187 ΒΡ

118 4221 186 4276 dvo
266 4223 470 4278 obidentiamB
549 4221 583 4277 22
595 4222 703 4278 debitur
715 4223 743 4278 Β
827 4223 1040 4292 ldinperentem
1052 4221 1087 4286 Β,
1105 4222 1243 4290 parentem

114 4305 182 4370 fort.
269 4311 327 4364 orte
345 4307 372 4364 Β
458 4309 579 4365 inbioilla
591 4309 620 4364 Β
710 4310 884 4365 ddeuitestes
896 4309 924 4364 Β
1011 4308 1131 4378 eontiget
1147 4306 1175 4361 Β
