2934 4934
483 412 720 482 Epistularum
740 410 828 465 liber
845 410 878 465 V.
1182 410 1244 479 135

119 602 194 669 biles
217 601 400 686 disciplinas
413 602 546 667 Romam
568 602 691 684 petenti
708 618 763 684 pro
785 600 910 667 ferratis
934 600 1103 668 calcaribus
1125 598 1244 666 sufficit

117 726 170 772 uos
185 707 302 773 nidere.
325 707 352 771 si
374 707 414 772 ab
428 705 625 771 humanitate
647 724 708 771 non
723 706 887 787 discrepat
903 705 1131 771 sublimitatem
1154 710 1244 770 tuam

116 829 226 895 gerens
248 813 321 877 ante
345 811 450 877 oculos
484 811 576 876 rebus
606 814 645 876 ad
667 812 819 877 uirtutem
853 811 957 894 potius
985 828 1080 892 quam
1113 808 1244 875 monitis

115 915 279 981 excitatur.
295 915 448 998 magistra
461 916 577 981 laboris
599 916 648 979 est
661 916 762 981 laudis
784 913 925 994 ambitio,
941 915 1106 996 praecipuo
1121 913 1244 995 quando

96 1018 142 1083 sin
167 1019 226 1084 illo
249 1016 411 1097 exuberat,
434 1037 528 1102 quem
549 1018 660 1084 similis
683 1018 817 1084 retineas
840 1017 938 1083 fuisse
960 1016 1114 1083 fortunae.
1138 1016 1191 1081 sed
1215 1016 1242 1081 si

114 1122 202 1188 uobis
225 1122 311 1188 cordi
334 1141 417 1201 sum,
450 1122 533 1187 circa
555 1124 760 1188 memoratum
788 1122 909 1205 patrem
937 1120 1074 1198 reddite,
1098 1120 1245 1185 utamur

113 1226 242 1291 mutuus
258 1225 297 1290 de
318 1225 435 1291 uicaria
455 1226 637 1308 inpensione
651 1225 837 1308 gratuletur,
853 1226 890 1288 ut
905 1223 1049 1307 quicquid
1072 1224 1105 1288 in
1120 1222 1244 1306 magni·

113 1330 223 1394 tudine
245 1331 301 1396 tua
316 1329 435 1394 dudum
449 1329 564 1395 laboris
579 1326 705 1393 exhibui
727 1328 808 1393 mihi
823 1346 878 1411 per
894 1328 1028 1392 alterum
1044 1326 1242 1391 reformetur.

116 1430 251 1509 domino,
275 1435 421 1514 utsupra
443 1432 644 1500 salutationis
666 1432 817 1515 obsequia
830 1433 1006 1515 dependens
1024 1432 1100 1497 satis
1116 1448 1182 1496 esse
1204 1433 1243 1495 ad

84 1549 107 1588 1⁰
115 1536 415 1601 commendationem
448 1536 583 1615 credidi,
616 1537 644 1601 si
673 1536 727 1619 qui
762 1539 842 1601 esset
870 1537 1001 1620 portitor
1032 1552 1093 1599 non
1121 1534 1243 1599 lateret.

114 1656 242 1720 precum
258 1638 436 1722 prolixitate
450 1641 551 1705 utitur
566 1639 604 1705 de
619 1639 829 1723 inpetratione
845 1639 1005 1704 diffidens:
1021 1639 1244 1721 argumentum

116 1742 161 1805 est
181 1742 228 1807 nil
250 1744 400 1807 merentis
417 1742 471 1807 diu
493 1762 610 1828 rogare.
634 1742 770 1808 facessat
793 1742 964 1807 amoribus
986 1742 1056 1819 tuis,
1079 1744 1115 1805 ut
1131 1739 1243 1823 perdas

116 1844 339 1911 beneficiorum
360 1847 504 1931 genium,
538 1849 614 1913 dum
635 1846 728 1931 longa
752 1846 979 1930 supplicatione
1000 1843 1184 1929 producitur
1206 1845 1244 1909 de

116 1948 225 2013 ellectu
248 1948 342 2014 celeri
363 1949 584 2015 subleuandus.

83 2153 107 2193 15
641 2135 715 2201 XII.

423 2270 607 2327 ENNODIVS
625 2270 764 2327 FAVSTO
783 2271 934 2327 IVNIORI.

155 2398 221 2462 Deo
244 2399 363 2480 gratias
384 2395 562 2477 praelatus,
591 2397 646 2477 qui
667 2396 826 2463 oculorum
850 2414 990 2463 meorum
1013 2417 1088 2481 quas
1112 2399 1243 2481 inexpli-

114 2499 224 2566 cabilis
239 2500 327 2566 dolor
341 2505 504 2583 pepererat
524 2500 623 2565 nubes
638 2501 795 2579 abstersit,
819 2500 887 2567 inre
909 2502 949 2567 ad
972 2502 1075 2583 ipsum
1092 2502 1244 2569 beneficia

114 2622 168 2667 sna
189 2604 345 2680 referens,
367 2603 422 2685 qui
443 2606 552 2669 lumen
573 2604 660 2669 dedit
683 2606 715 2667 et
737 2603 882 2669 reddidit.
916 2604 969 2669 uix
992 2604 1076 2669 enim
1098 2606 1171 2688 post
1192 2605 1243 2671 in-

84 2722 257 2771 enumeros
290 2706 356 2771 dies
389 2707 532 2771 sanitatis
565 2706 680 2773 fiducia
705 2708 864 2773 animante
898 2706 1027 2789 respiro.
1063 2713 1095 2773 et
1124 2708 1181 2773 boc
1203 2710 1244 2774 ad

114 2808 287 2874 absentiam
309 2809 456 2875 culminis
475 2810 574 2875 uestri
596 2809 794 2892 prolixiorem
816 2811 953 2892 respicit,
978 2814 1117 2892 utquem
1132 2812 1243 2892 genius

113 2929 186 2976 suus
209 2910 249 2976 de
269 2912 435 2977 uicinitate
456 2911 595 2978 deseruit
616 2914 662 2979 nil
680 2913 818 2979 uideret:
842 2913 897 2979 sod
911 2917 1021 2995 potens
1037 2913 1086 2977 est
1107 2912 1172 2995 ille,
1189 2914 1243 2996 qui

114 3012 250 3096 corporis
284 3015 361 3079 tulit
393 3015 534 3097 nebulas,
568 3036 675 3082 rerum
707 3017 875 3083 serenitate
911 3018 1034 3081 mutare
1067 3016 1242 3083 tristitiem.

114 3118 183 3197 post
198 3116 407 3183 elocutionem
429 3120 623 3185 necessitatis
645 3120 685 3185 ad
700 3120 864 3200 negotium
886 3120 987 3198 redeo,
1004 3118 1086 3201 quod
1102 3123 1243 3185 coactum

86 3218 286 3301 sinpetrauit
307 3221 498 3303 adloquium.
521 3223 683 3302 amabitis,
705 3225 743 3288 ut
764 3241 871 3305 spero,
894 3223 1046 3302 baiulum,
1070 3242 1163 3307 quam
1186 3223 1243 3290 ad·

114 3322 188 3385 serit
218 3339 314 3387 causa
335 3324 490 3390 ueniendi.
519 3324 685 3391 Partenins
713 3328 827 3391 sororis
856 3345 945 3393 meae
967 3325 1051 3391 lilius
1079 3346 1134 3409 per
1164 3325 1242 3391 liba-

114 3423 186 3489 ralis
216 3425 316 3489 studii
343 3426 526 3510 disciplinas
550 3430 704 3511 ingenuus
727 3429 798 3493 uult
820 3430 934 3495 uideri:
959 3431 1060 3511 optat,
1083 3432 1116 3493 ni
1138 3428 1241 3507 fallor,

114 3526 225 3607 peculii
255 3527 354 3594 uestri
382 3530 495 3595 babere
522 3530 754 3597 testimouium.
793 3532 975 3616 magnitudo
1004 3532 1103 3615 igitur
1136 3536 1243 3597 uestra

162 3714 292 3767 lieratls
312 3714 346 3768 Β
445 3716 599 3771 calcarebus
616 3717 656 3771 B¹
760 3718 1020 3773 iusublimitatem
1040 3718 1068 3771 Β
1165 3719 1242 3773 bre·

114 3798 196 3852 tineas
214 3798 244 3853 Β
260 3816 281 3854 a.
300 3800 319 3854 l.
423 3801 544 3856 deordis
562 3802 590 3856 Β
693 3804 785 3857 9esse
802 3804 840 3859 Β*

161 3901 225 3957 xm
263 3886 430 3969 lbifffiiB,
456 3904 548 3959 iunior
567 3906 607 3971 L,
634 3906 734 3962 om.'.1'
834 3906 866 3961 17
885 3922 950 3976 quas
969 3904 1176 3975 (atores.)l'

114 4022 146 4075 rs
167 3996 292 4092 aaut
315 4025 342 4078 n
456 4025 665 4080 arsurumne
689 4027 734 4093 (iu
752 4029 785 4081 se
800 4008 868 4094 roei)
891 4026 917 4082 V
1028 4026 1063 4080 aa
1086 4026 1242 4081 incurreres

112 4141 176 4195 ΒΡ·
280 4142 315 4197 24
331 4147 477 4211 quoactum
496 4144 523 4198 Β
625 4147 660 4202 25
676 4112 833 4232 adloquium
851 4147 879 4201 B
995 4149 1126 4201 mustis
1144 4148 1172 4202 Β

113 4244 227 4299 baiolum
244 4247 273 4301 Β
384 4248 419 4301 26
437 4254 463 4302 et
477 4255 576 4317 postea
593 4250 750 4319 parthenius
771 4252 811 4306 Tb
925 4250 1047 4305 liberaris
1064 4250 1106 4318 L,
1133 4251 1241 4307 liberali

112 4328 138 4381 B
238 4332 273 4385 27
292 4332 345 4385 nisi
363 4334 391 4385 B
492 4336 527 4389 28
543 4337 630 4389 nostri
648 4336 708 4403 Pb,
735 4338 792 4391 ueri
809 4339 875 4404 sort.
991 4336 1128 4393 haberetis
1144 4337 1173 4393 B
