2934 4934
253 326 317 394 382
613 323 728 393 Merui
747 321 874 380 l'elioie
892 323 1024 389 Euuodi

254 517 358 582 eedem
379 531 469 580 suum
492 512 638 582 oeeleetie
660 512 766 580 enims
787 519 954 593 remearet,
983 530 1061 598 quse
1086 512 1388 598 quinquagesimum

253 617 402 684 eoteuum
435 615 548 684 setstie
581 634 698 684 sunum
719 615 811 683 duxit
838 616 880 682 ed
907 617 1081 697 tumulum,
1116 616 1250 702 triginta
1270 620 1306 684 iu
1328 619 1388 684 hro

254 718 455 798 eeoerdoteii,
486 719 609 801 qualem
641 718 702 788 etei
736 721 909 804 exoerptim
932 720 1029 788 leotor
1051 721 1195 790 adtendis
1216 723 1386 808 soelptem,

254 823 487 890 oouuereetioue
509 825 632 890 eremit.

296 943 381 1010 Illud
395 960 530 1028 nemque
544 943 670 1012 silentio
684 943 857 1027 praeterire
870 962 933 1010 nou
949 944 1057 1026 debeo,
1074 946 1157 1029 quod
1168 948 1234 1013 eius
1250 951 1382 1013 seuotee
1404 970 1415 1010 s

252 1045 403 1130 reliquiae
424 1065 522 1131 usque
545 1049 577 1113 iu
599 1048 683 1113 diem
698 1048 840 1126 tertium,
863 1067 924 1132 quo
943 1067 1015 1115 oum
1038 1069 1164 1116 summe
1184 1053 1385 1118 ueueretioue

252 1150 429 1216 reoouditue
451 1143 671 1230 diuoeouutur,
705 1153 796 1216 teuto
817 1149 939 1218 lumine
966 1169 1004 1217 eo
1026 1153 1135 1219 dooere
1155 1154 1293 1220 uestitus
1307 1173 1385 1220 ouu-

251 1255 372 1318 otorum
394 1253 481 1319 ulem
503 1257 576 1319 eunt
598 1254 706 1334 ooulie,
730 1256 767 1320 ut
788 1253 985 1338 splendorem
1008 1255 1093 1322 uitee
1115 1256 1224 1322 uultus
1245 1259 1384 1339 signaret

252 1354 389 1421 defuneti
412 1358 444 1421 et
466 1357 642 1440 depositem
664 1356 798 1441 gloriam
820 1359 885 1424 iem
907 1374 989 1424 uuuo
1012 1359 1187 1442 percepisse
1212 1360 1384 1443 gloriosum

253 1477 309 1525 use
324 1459 509 1539 crederetur,
532 1461 563 1525 iu
580 1478 640 1543 quo
655 1479 728 1526 uere
751 1460 814 1526 tuit
828 1460 992 1528 theseurus
1009 1464 1115 1546 magui
1129 1463 1213 1547 regie
1231 1461 1412 1528 indueres

253 1579 331 1646 quse
353 1562 399 1628 ibi
420 1561 547 1628 fuerunt
568 1562 700 1629 flumine
721 1563 932 1642 herimmm,
956 1568 1066 1646 quenti
1088 1565 1246 1649 pleuotue,
1274 1567 1382 1650 silebo,

251 1685 291 1731 ue
314 1669 385 1748 poet
407 1683 525 1731 suuose
547 1666 702 1732 ourrieule
722 1666 882 1732 uouellum
904 1667 1196 1752 doloremeoriptor
1217 1671 1381 1736 incutiam.

253 1787 466 1852 queeoumque
483 1769 527 1835 ibi
541 1771 644 1835 meter
658 1769 760 1848 uenit,
782 1769 952 1836 liberatum
975 1771 1178 1838 oltmsuiteb
1193 1771 1252 1838 illo
1266 1772 1381 1838 filium:

252 1891 464 1956 quaecumque
488 1890 580 1952 uxor,
602 1874 771 1938 meritum:
794 1890 1008 1957 quoecumque
1030 1891 1133 1958 soror,
1154 1873 1307 1942 fratrem:
1332 1877 1382 1959 qui

253 1975 384 2054 oeelebs,
405 1993 438 2040 eo
458 1975 571 2059 ipsum.
595 1976 751 2058 postremo
769 1978 803 2041 iu
823 1977 878 2041 ille
896 1980 986 2042 teute
1000 1977 1164 2043 homiuum
1177 1978 1409 2046 multitudines

254 2081 286 2145 et
308 2079 477 2157 oouuoutu,
507 2081 544 2144 ut
571 2079 721 2144 eudeuter
742 2079 865 2159 dioem,
894 2080 992 2146 totius
1022 2080 1107 2146 orbis
1130 2100 1221 2148 nemo
1242 2081 1310 2148 fuit
1332 2081 1381 2163 qui

253 2181 410 2248 benefieiis
432 2181 518 2246 illiue
546 2181 663 2265 aliquid
686 2200 749 2247 uon
772 2182 910 2248 deberet

297 2301 356 2370 Sed
378 2321 489 2386 quaeso
511 2301 574 2367 iem
596 2304 809 2388 temperemus
825 2323 844 2370 e
860 2305 1014 2371 luotibue:
1037 2307 1229 2371 ooutreotem
1252 2307 1380 2372 tristitie

221 2428 223 2434 ’
253 2408 444 2472 resoluamue
467 2403 614 2471 frontem.
637 2407 756 2472 excelse
778 2425 849 2472 oum
872 2409 929 2474 deo
949 2409 1089 2494 possidet
1104 2409 1143 2474 ob
1158 2408 1247 2474 ouius
1262 2410 1380 2476 obitum

253 2527 426 2576 meeromus
448 2510 481 2574 iu
503 2508 605 2575 terrie.
629 2509 683 2575 sed
704 2508 781 2593 quid
804 2508 927 2589 faeiem,
950 2511 1032 2594 quod
1049 2512 1264 2578 remediatoris
1286 2514 1406 2578 uestris

253 2613 410 2698 singultus
426 2615 521 2679 uerba
538 2611 720 2696 diesioiunt,
745 2613 894 2679 leorimee
918 2631 972 2679 ore
994 2614 1201 2698 perfundunt,
1222 2616 1378 2700 mugitum

251 2716 376 2783 resonet
408 2733 499 2781 omne
521 2719 601 2798 quod
624 2715 776 2797 eloquor?
811 2720 844 2780 et
865 2715 1012 2802 intellego
1041 2718 1124 2801 quod
1148 2735 1323 2799 uumquem
1343 2721 1378 2782 ed

253 2820 378 2886 flentem
405 2818 482 2883 fleus
515 2821 590 2884 bene
620 2818 727 2883 ueniet
756 2819 939 2885 eoueoletor.
991 2821 1068 2886 heeo
1104 2824 1211 2885 eeuoto
1239 2823 1322 2904 petri
1350 2825 1379 2882 et

253 2923 372 2992 dootori
401 2921 591 3005 peritissimo
618 2921 752 2987 idoneus
779 2921 895 2987 affeetu
923 2943 984 2988 nou
1015 2923 1148 2989 eoieutis
1169 2923 1317 3006 iupeudi,
1345 2926 1379 2986 ut

254 3029 374 3110 aliquos
398 3027 435 3091 do
456 3027 686 3092 oouuersutioue
707 3025 796 3090 illiue
818 3025 961 3092 flosculos
982 3027 1161 3112 relegerem,
1183 3031 1219 3090 ut
1243 3028 1291 3091 est
1314 3027 1405 3094 lou-s

253 3149 329 3214 gum
356 3130 419 3195 iter
445 3130 608 3216 egentibus
635 3129 670 3194 iu
698 3148 757 3195 usu
783 3130 936 3211 positum,
966 3131 1020 3213 qui
1048 3148 1110 3197 uon
1138 3148 1248 3196 omues
1270 3127 1376 3194 obuios

254 3233 463 3302 ooneeluteut.
488 3239 524 3300 tu
546 3235 633 3314 mihi,
656 3234 762 3300 auimo
783 3233 866 3317 epud
882 3235 1110 3316 redemptorem
1131 3235 1274 3300 uestrum
1294 3250 1377 3317 pree

303 3440 477 3506 tuomquee
502 3436 531 3492 Β
632 3435 760 3505 preterire
785 3432 870 3489 ΒΝ
969 3435 986 3487 6
1013 3449 1096 3504 usque
1120 3431 1314 3489 suune

252 3527 365 3582 tertium
383 3541 418 3580 eoo
434 3522 545 3582 mitium
564 3521 675 3578 Tm
778 3520 1003 3576 idisnosountur
1020 3519 1048 3577 L
1149 3519 1268 3575 lumime
1285 3519 1314 3574 Β

252 3612 333 3702 sues
354 3645 385 3711 T,
411 3643 469 3699 uite
488 3643 526 3698 Π
630 3641 663 3696 10
680 3639 820 3697 thesauros
838 3639 885 3702 H.
912 3641 1073 3696 theueeurue
1092 3639 1119 3693 Β
1217 3639 1250 3694 ll
1269 3639 1373 3694 merset

253 3733 292 3788 ibi
312 3732 337 3786 T
433 3729 466 3784 12
483 3745 581 3784 euuoee
599 3728 635 3794 B,
662 3741 746 3782 senos
764 3743 796 3782 eo
813 3727 906 3792 edm
932 3742 1063 3782 euuorum
1079 3727 1144 3793 fort,
1245 3726 1277 3780 15
1295 3727 1372 3793 eelepe

252 3817 364 3875 BLTV
450 3813 653 3870 multitudinem
672 3813 699 3868 Β
804 3814 837 3868 18
854 3827 935 3882 queso
952 3811 981 3865 Β
1073 3812 1240 3866 ooutreotum
1258 3811 1318 3865 LV

252 3905 288 3961 20
305 3917 436 3959 meremus
453 3899 566 3958 BM'V
653 3899 724 3970 quod
745 3900 770 3956 T
785 3914 806 3954 s.
824 3900 843 3956 l.
859 3901 928 3954 m
1019 3897 1055 3954 21
1073 3895 1217 3952 dissitiuut
1233 3897 1315 3952 BTV

252 3989 444 4063 pergoquodB
462 3985 874 4055 (tundunt-etiutdleoeeB¹
891 3983 1158 4055 arideormirsseet
1241 3983 1370 4050 adloquor

252 4095 281 4150 Β
374 4092 613 4150 ewulm
706 4078 1088 4156 ldmom'KmumoeL
1181 4082 1367 4144 diuidet

251 4183 319 4236 erse
409 4179 444 4234 26
461 4178 556 4234 obulus
574 4177 603 4232 Β
694 4176 728 4232 27
746 4177 917 4232 ooueeluteut
933 4175 961 4231 L
977 4181 1004 4231 et
1016 4175 1100 4231 Sim.
1191 4174 1263 4245 epud
1280 4173 1307 4228 Τ
1317 4168 1367 4225 ut

253 4269 319 4322 eei
415 4269 454 4318 -Β-
472 4262 556 4319 ΒΜ
571 4263 711 4333 ιᾰιιᾳιιοᾱ
729 4263 756 4317 Τ
769 4263 841 4317 err.2
858 4267 876 4316 iu
894 4277 954 4332 esp.
967 4261 1173 4321 etuostrumin
1183 4257 1306 4330 sepedo&
