2934 4934
236 345 301 413 474
598 340 712 409 Magni
730 340 859 395 Felicis
880 340 1012 394 Euuodi

238 534 330 618 patri,
353 552 425 598 cum
447 536 551 616 posset
565 530 720 617 praebere
743 532 909 608 alimenta,
937 529 1121 614 denegarit,
1144 530 1177 595 id
1200 533 1288 616 genii
1311 550 1375 597 ece·

238 636 355 702 letibus
378 634 442 701 suis
455 636 637 725 ‘adsocians
661 638 698 699 ut
721 638 804 700 esset
818 637 909 717 patre
924 634 1076 699 incolumi
1091 634 1258 717 parricida.
1282 639 1375 717 putas

239 742 376 805 euasisse
399 743 431 805 te
454 741 598 806 debitum
621 738 659 804 de
674 758 737 804 uon
759 739 859 805 inlata
880 738 1014 822 genitori
1038 739 1139 803 morte
1162 736 1374 821 supplicium:

238 845 275 909 ut
297 862 378 909 esses
401 844 578 925 nocentior,
600 842 776 925 pepercisti.
808 843 967 926 potuisses
988 842 1162 918 cruciatus,
1188 860 1268 924 quos
1291 844 1375 907 intu-

238 949 330 1027 leras,
352 948 466 1013 ultimo
488 946 588 1029 patris
611 945 672 1011 fine
697 945 892 1023 concludere,
916 945 943 1010 si
966 944 1089 1010 medica
1111 964 1206 1010 manu
1230 942 1403 1029 iugulums

238 1049 465 1135 praestitisses:
487 1052 590 1133 prima
613 1052 660 1113 est
682 1048 990 1114 malorum'tuorum
1018 1047 1198 1113 adinueutio
1228 1048 1375 1113 creatoris

237 1155 356 1237 proprii
379 1152 510 1219 exitium
532 1170 591 1217 uec
614 1169 774 1218 remouere
796 1150 937 1234 utpium
960 1149 1062 1216 filium
1085 1170 1141 1216 uec
1154 1153 1192 1216 nt
1213 1152 1375 1217 crudelem

238 1260 327 1323 deest
356 1258 480 1323 inferre.
516 1257 590 1340 quid
620 1260 669 1322 est
696 1258 776 1339 quod
799 1256 884 1320 iuter
906 1256 1071 1337 utramque
1093 1254 1196 1337 uiam,
1226 1255 1374 1339 exquisiti

237 1361 385 1427 inuentor
415 1360 562 1443 periculi,
591 1362 734 1426 neutram
759 1362 896 1425 sectatus
918 1357 1054 1443 pasceris
1076 1360 1284 1441 promulgata
1307 1361 1374 1425 tabe

237 1464 411 1547 genitoris?
440 1464 520 1528 uixit
542 1468 574 1529 te
594 1469 782 1548 procurante
805 1482 841 1530 eo
862 1462 1018 1529 infelicior
1044 1466 1150 1545 pater,
1180 1462 1266 1543 quod
1298 1466 1401 1529 morio

236 1568 269 1632 te
291 1570 478 1650 procurante
502 1588 561 1632 non
582 1569 709 1632 meruit.
745 1584 851 1640 nemo,
874 1564 1082 1644 sanctissimi,
1113 1565 1243 1631 dubitat
1266 1566 1373 1631 mundi

237 1670 331 1736 istius
354 1670 439 1735 mala
462 1671 614 1736 aduocata
636 1688 711 1735 nece
727 1670 852 1752 sepeliri
867 1674 901 1734 et
918 1688 1115 1734 communem
1131 1670 1248 1733 sortem
1265 1670 1374 1733 uotum

239 1792 305 1839 esse
326 1773 411 1838 iuter
435 1772 567 1838 aduersa
590 1772 789 1837 constitutis:
813 1788 937 1837 necesse
960 1776 1008 1837 est
1030 1772 1131 1857 opteri
1147 1774 1230 1852 quod
1246 1772 1374 1837 modum

237 1878 325 1961 pouit
353 1876 584 1941 amaritudinis.
619 1892 709 1958 rogo,
738 1874 852 1958 quibus
875 1879 922 1939 est
952 1874 1054 1939 beluis
1081 1873 1302 1957 comparandus
1325 1876 1374 1959 qui

237 1980 454 2063 procuratione
477 1997 533 2045 sua
562 1980 659 2043 infert
688 1978 766 2043 dura
787 1978 855 2045 siue
877 1978 1040 2044 termino?
1072 1978 1160 2043 cuius
1189 1977 1273 2058 doli,
1302 1982 1401 2046 duma

238 2100 350 2149 manus
374 2082 512 2149 abstinet
528 2084 567 2148 ab
583 2083 708 2147 auctore
722 2082 812 2160 lucis,
835 2083 900 2148 leto
916 2081 1139 2147 commutanda
1159 2084 1374 2164 pepererunt?

238 2186 303 2251 iam
325 2186 394 2250 erat
416 2187 541 2269 genitor
563 2183 655 2249 istius
678 2202 832 2250 annorum
853 2184 935 2249 fasce
958 2184 1128 2249 contritus:
1150 2186 1216 2249 iam
1232 2203 1292 2268 per
1314 2189 1374 2251 tre·

238 2289 355 2353 menda
383 2291 467 2353 senis
498 2288 641 2353 membra
663 2289 734 2354 aeui
757 2288 955 2373 depopulatio
985 2287 1122 2368 uestigia
1143 2286 1221 2352 olim
1244 2288 1374 2354 robusta

239 2390 455 2457 subuerterat:
479 2393 541 2457 iam
566 2392 784 2457 diuturnitatis
808 2390 963 2456 morsibus
985 2392 1019 2455 iu
1038 2408 1143 2473 rugas,
1167 2409 1248 2473 quae
1272 2394 1374 2458 decla·

137 2501 142 2507 '
238 2497 335 2561 rabat·
351 2493 521 2573 hominem,
546 2494 649 2561 forma
671 2494 839 2577 uergebat:
862 2510 924 2559 non
947 2496 1057 2560 tamen
1079 2493 1146 2559 siue
1161 2511 1216 2577 spe
1240 2494 1401 2560 subsidiis·

238 2600 277 2663 ad
300 2600 517 2664 maturitatem
539 2601 739 2683 peruenerat,
763 2599 816 2663 oui
836 2597 903 2664 iam
925 2596 1027 2665 maior
1048 2596 1175 2661 suboles
1197 2597 1372 2662 adridebat.

237 2700 353 2784 potiori
383 2700 497 2765 fiducia
520 2702 559 2766 ad
582 2696 702 2766 uictum
734 2704 926 2783 congregata
954 2700 1103 2783 dispersit
1131 2719 1223 2782 quem
1251 2720 1373 2784 semper

238 2806 356 2871 scimus
380 2804 490 2873 horrea
512 2824 569 2872 sua
584 2804 618 2870 iu
633 2803 771 2888 pignoris
786 2804 950 2870 adacritate
966 2802 1116 2886 posuisse.
1139 2822 1231 2869 omen
1247 2804 1374 2886 putauit

239 2908 377 2989 cogitare
399 2907 436 2972 de
460 2906 638 2974 substantia
661 2908 712 2972 oui
736 2904 892 2973 existebat
914 2909 1007 2971 natus
1029 2905 1205 2986 incolumis,
1231 2908 1274 2973 ad
1297 2908 1372 2990 geli-

239 3013 312 3078 dam
341 3010 486 3077 canitiem
515 3011 574 3076 hoc
601 3015 716 3094 puteus
746 3030 837 3093 posse
862 3012 1020 3091 sufficere,
1049 3012 1131 3097 quod
1153 3014 1320 3092 reparatus
1341 3010 1400 3074 iura

291 3250 305 3303 1
330 3251 420 3317 possit
441 3250 469 3303 B
573 3215 691 3304 atelebus
714 3249 753 3303 B¹
845 3250 951 3304 iudet
967 3250 995 3304 L
1098 3250 1248 3304 incolumni
1267 3250 1309 3304 L¹

237 3362 255 3415 4
282 3360 448 3415 innocentior
475 3360 558 3417 Siros.
663 3360 792 3430 peperisti
820 3362 855 3416 T*
959 3362 977 3415 5
999 3378 1080 3416 manu
1102 3336 1200 3431 iuguli
1217 3336 1370 3427 1⁷nedicaV.

238 3480 348 3519 manum
372 3468 480 3553 tamum
503 3465 629 3537 iugulum
652 3451 741 3521 media
764 3464 792 3521 L
813 3466 847 3521 iae
868 3482 937 3534 roa,
967 3483 1049 3521 mauu
1074 3465 1197 3540 iugulum
1216 3468 1321 3521 medies
1337 3468 1369 3527 P.

237 3600 347 3639 manum
366 3587 460 3656 iugulo
477 3586 607 3643 medicam
628 3586 709 3643 Hirro.
808 3588 827 3643 6
843 3589 1013 3657 prestetiseee
1030 3589 1059 3643 B
1154 3575 1219 3644 tuor
1238 3588 1267 3643 V
1280 3593 1369 3661 lamp

237 3678 304 3735 odd.
322 3684 385 3734 nal
477 3681 632 3737 mestorium
650 3680 678 3735 L
774 3683 790 3736 7
808 3683 910 3737 exitum
928 3684 967 3739 L¹
1064 3684 1083 3738 8
1101 3687 1246 3753 utrumque
1263 3686 1305 3739 Βι

238 3775 255 3829 9
282 3774 420 3829 intentior
446 3775 475 3828 Β
579 3778 706 3831 neutrum
729 3777 779 3841 13¹,
808 3779 944 3831 necatam
968 3778 996 3831 L
1098 3778 1243 3848 promulga
1265 3778 1306 3834 L‘

239 3869 273 3925 1a
289 3868 395 3940 sepiliri
416 3869 443 3927 V
536 3871 571 3925 14
587 3870 765 3927 amaritudini
782 3870 851 3937 sort.
947 3872 981 3927 16
997 3874 1090 3927 autore
1108 3872 1145 3939 Β,
1172 3876 1262 3929 actore
1281 3875 1308 3931 T

237 3991 309 4046 rasae
335 3991 364 4045 a
467 3992 652 4047 cammaro
678 3992 718 4046 m
822 3992 857 4047 rr
880 3964 938 4047 rab
963 3992 992 4059 r,
1019 3990 1157 4060 arear,
1182 3992 1254 4047 rara
1278 3994 1306 4048 Ρ

239 4086 272 4141 19
283 4086 478 4141 diuturnitates
491 4086 587 4143 LT¹V
673 4088 794 4156 rogasB
885 4088 918 4142 21
930 4085 1145 4144 maa-turitatem
1158 4088 1185 4143 L
1272 4088 1369 4143 subolis

238 4190 273 4255 a,
300 4188 406 4244 socors
423 4189 509 4246 aar
609 4190 644 4245 aa
661 4176 706 4261 ξιῑι
725 4190 761 4246 rr
862 4194 898 4248 aa
916 4195 972 4248 a..
990 4192 1018 4249 n
1114 4193 1201 4264 emm]
1219 4194 1308 4249 our

236 4284 344 4352 putauit
362 4284 389 4337 Β
488 4284 523 4339 24
541 4285 685 4341 exsistebat
703 4286 730 4340 B
831 4288 947 4358 gelidam
970 4288 1005 4344 1¹¹
1107 4286 1145 4344 25
1162 4290 1258 4359 potans
1276 4288 1305 4344 B
