2934 4934
251 373 314 446 m
608 375 725 447 Magni
741 376 869 432 Felicia
886 376 1018 432 Ennedi

704 581 921 641 annunciet.

314 705 362 772 sit
385 709 491 771 nester
512 703 648 784 tautum,
670 720 731 772 uun
755 707 916 792 stringunt
937 706 1068 775 crimina
1090 725 1289 791 quemqnam.

374 807 439 877 Noa
461 809 547 875 uitae
568 809 708 876 maculas
731 811 885 896 tergimus
907 809 984 876 artis
1006 829 1073 894 cpe.

313 909 348 978 Si
369 911 461 978 niueo
483 915 602 980 constet
625 913 736 980 meritc
758 913 828 996 quis
848 914 929 979 teste
952 919 1073 992 senatu,

373 1013 520 1102 Gemmas
541 1017 624 1082 bunc
646 1033 751 1080 omnes
775 1015 877 1082 dicere
900 1019 991 1082 necta
1011 1020 1123 1082 satum.
1390 1038 1401 1078 s

301 1119 353 1195 ,Et
375 1137 447 1184 reus
470 1121 502 1184 et
524 1122 650 1186 uncus
672 1119 711 1184 ds
734 1122 840 1186 nostro
862 1119 1002 1185 nascitur
1023 1137 1091 1185 era:

372 1223 456 1288 Dum
477 1222 643 1306 loquimur,
666 1223 795 1307 captum
818 1221 942 1290 ducitur
963 1223 1138 1290 arbitrium.

311 1325 396 1392 Laus
417 1325 605 1392 Tarentinae
629 1325 698 1392 lans
721 1325 819 1405 urbis,
843 1344 977 1411 gamma,
999 1325 1137 1409 potestas

371 1427 453 1509 Quid
475 1433 548 1494 sunt
571 1429 610 1495 ad
633 1431 778 1496 nestrum
799 1431 906 1496 iuncta
927 1431 1151 1514 supercilium?

311 1529 371 1614 Qui
394 1533 506 1599 nestris
529 1533 626 1598 seruit
648 1531 769 1613 studiis,
793 1552 863 1600 mox
884 1534 1021 1617 imperat
1042 1533 1121 1600 orbi.
1382 1557 1402 1595 a

367 1633 422 1700 Nil
444 1633 573 1705 dubium
596 1639 741 1702 mstuans
763 1653 814 1702 ars
836 1633 915 1702 mibi
937 1655 1035 1721 regna
1056 1635 1153 1703 dedit.
1442 1640 1443 1655 ,

289 1774 376 1840 Haec
409 1789 498 1859 erge,
532 1773 722 1852 dulcissimi,
755 1775 788 1838 st
820 1771 950 1859 adsequi
983 1772 1163 1840 contendite
1196 1773 1230 1838 et
1264 1771 1373 1855 adepta
1442 1738 1443 1795 ³

247 1876 410 1943 custodite.
444 1877 498 1944 ssd
527 1877 699 1962 replicetis,
734 1877 847 1960 quibus
881 1879 920 1943 ad
953 1878 1016 1943 ista
1048 1875 1226 1960 magistris,
1261 1874 1372 1959 quibus

246 1983 374 2046 utamur
396 1979 644 2060 institutoribus,
674 1997 805 2062 querum
822 1981 984 2060 ,erigamur
1007 1977 1171 2064 exemplis,
1195 1995 1269 2044 cum
1291 1979 1373 2044 Fau·

248 2085 334 2150 stum
367 2085 400 2150 et
429 2083 602 2160 Auienum,
637 2082 756 2150 saeculi
787 2082 887 2150 nostri
920 2082 1146 2148 beatitudinem
1178 2084 1209 2145 et
1237 2081 1401 2146 Latiarbu

245 2185 364 2254 flumen
386 2186 512 2269 eloquii,
534 2187 644 2252 aulicis
666 2187 823 2256 districtcs
846 2189 952 2254 tsnsat
973 2205 1042 2252 snus
1061 2186 1197 2252 secunda
1211 2186 1372 2254 consiliis?

244 2306 321 2374 quus
343 2289 419 2354 dum
440 2293 547 2356 manat
569 2308 657 2368 cura,
680 2309 700 2356 a
720 2290 926 2375 generalitate
954 2289 1108 2370 uescitur,
1138 2305 1270 2373 querum
1293 2289 1373 2356 tam

243 2393 333 2476 ptare
354 2393 515 2476 praeconia
536 2391 622 2459 idem
643 2395 692 2460 est
715 2411 751 2458 an
772 2394 800 2459 si
823 2393 925 2460 inuam
947 2391 1023 2460 aclis
1045 2394 1077 2458 et
1098 2391 1272 2476 potentiana
1295 2391 1372 2458 uelis

242 2493 420 2563 diuinitatis
453 2497 601 2562 adserens
638 2496 694 2562 ssd
720 2496 789 2562 istis
815 2497 849 2564 in
877 2496 955 2562 bunc
987 2494 1112 2580 publice
1146 2493 1372 2561 desudantibus

243 2596 367 2684 patticii
389 2598 498 2664 Festus
521 2602 552 2664 et
574 2597 793 2684 Symmachus,
816 2601 956 2666 emnium
977 2597 1214 2682 disciplinarum
1237 2598 1401 2664 muamus

243 2701 276 2766 et
297 2701 467 2767 constantis
489 2701 588 2768 forma
610 2701 793 2785 sapientiae,
815 2703 854 2770 ab
869 2702 945 2767 urbs
967 2700 1180 2768 sacratissima
1200 2718 1263 2767 non
1285 2720 1371 2767 uece-
1444 2690 1445 2711 ²

242 2806 330 2873 dunt.
358 2804 390 2870 in
412 2805 487 2888 ipsis
509 2807 557 2870 est
578 2803 692 2871 nobilis
715 2803 819 2870 curiae
841 2803 1047 2888 principatus,
1069 2822 1145 2890 ques
1160 2803 1278 2870 uidisse
1301 2823 1371 2870 sru-

244 2907 306 2974 diri
327 2912 385 2976 est.
419 2924 480 2974 nnn
510 2911 591 2992 apud
613 2926 664 2976 ans
686 2926 789 2974 sermo
812 2907 851 2979 da
871 2903 1002 2974 ludicris
1025 2925 1083 2973 nec
1104 2907 1371 2991 pantomimorum

241 3009 295 3078 uix
331 3009 518 3096 &noscenda
553 3011 818 3079 commemoratio.
867 3009 917 3077 illi
954 3027 1065 3076 auram
1101 3011 1283 3094 popularem
1320 3030 1371 3093 per

242 3110 367 3199 pudoris
389 3112 578 3180 decimenta
600 3131 661 3182 non
684 3112 826 3198 capiunt:
850 3113 987 3180 abutenti
1010 3112 1104 3180 reem
1126 3109 1226 3198 magis
1248 3111 1401 3195 placeres

242 3231 338 3296 qnam
366 3215 528 3299 plurimis,
557 3218 731 3283 sortiuntur
759 3215 797 3282 de
819 3217 978 3282 innocenti
999 3215 1120 3282 actions
1141 3215 1369 3280 testimonium.

242 3317 374 3384 istorum
402 3319 545 3400 quamuis
567 3321 600 3385 in
622 3307 764 3386 omnibus
790 3319 876 3385 iussa
903 3319 1060 3402 sequenda
1081 3317 1162 3400 sint,
1192 3320 1240 3384 ast
1263 3322 1369 3384 nmen

292 3537 307 3592 1
331 3535 464 3593 ratharius
488 3537 556 3604 BL3
582 3537 781 3593 rhetorica-L
799 3536 991 3593 adscitam.
1010 3537 1038 3593 T
1135 3539 1153 3593 2
1175 3540 1215 3593 aiu
1238 3540 1300 3595 P'b

239 3621 363 3694 erimina]
390 3624 507 3680 carmina
534 3623 617 3680 Sim.
720 3625 737 3679 5
761 3623 847 3679 noetis
869 3626 946 3680 atnm
969 3625 997 3679 B
1100 3626 1134 3679 10
1159 3627 1247 3680 mmet
1273 3625 1301 3681 B

240 3707 272 3765 11
297 3707 418 3779 dubium]
442 3707 586 3767 naiman
689 3711 722 3766 13
749 3709 882 3765 maiaatfia
907 3709 935 3764 B
1037 3711 1070 3767 16
1097 3711 1237 3767 districtos
1258 3713 1368 3782 scripsi.

238 3807 393 3866 mcum
410 3811 475 3866 sen·
486 3813 542 3869 asa
553 3813 626 3884 quos
643 3791 814 3868 'districtum
831 3812 858 3867 n
875 3808 911 3882 (a
922 3811 1013 3868 asae.
1024 3814 1108 3868 aas
1118 3813 1152 3868 se
1164 3817 1225 3885 aa)
1238 3814 1300 3869 esu

237 3947 294 3986 scra
311 3932 372 3995 Pb,
402 3931 457 3986 iera
475 3931 562 4000 ΜΨ,
590 3906 645 4018 fuce
664 3934 704 3988 B*
794 3932 906 3989 facunda
924 3933 1020 4002 pom
1041 3949 1124 4004 questa
1140 3934 1256 3989 secunda
1274 3933 1302 3989 T

239 4033 271 4090 ns
289 4051 336 4090 eu
352 4035 380 4090 n
483 4037 517 4092 ns
534 4037 612 4092 aaut·
630 4037 658 4091 a
762 4036 795 4092 ss
818 4011 917 4106 punc
941 4034 969 4091 n
1070 4037 1102 4091 an
1126 4039 1155 4090 ec
1171 4040 1369 4092 emmae-

236 4120 325 4178 eun·
351 4135 401 4178 otu.
428 4120 468 4176 B·
494 4121 559 4178 cdd
583 4137 654 4178 ectr.
680 4124 712 4178 ic
733 4139 786 4192 aas.
889 4123 1038 4178 constantia
1065 4122 1177 4194 aminsi,
1211 4125 1369 4178 amantes

236 4203 302 4260 labri
420 4205 454 4262 22
481 4209 509 4264 at
535 4207 701 4276 principatus
728 4209 756 4280 B
876 4206 911 4262 24
936 4223 1026 4264 aucam
1055 4209 1103 4273 Γ,
1137 4222 1245 4264 aurum
1270 4207 1297 4263 L

237 4306 272 4364 iit
288 4309 442 4364 sarciuntur
458 4309 486 4364 B
588 4309 622 4364 at
641 4311 775 4366 iustorum
794 4309 821 4364 L
