2934 4934
413 394 603 452 Carminnm
620 394 707 450 liber
726 394 764 460 11,
783 394 928 452 lto-luo.
1172 397 1237 464 607

238 585 285 650 De
307 583 386 650 uitio
408 585 568 667 sumptam
589 581 697 650 eadere
719 583 767 650 nil
789 583 888 652 uitiis.

194 685 377 753 stemmatis
394 686 474 754 boso
495 687 598 753 luoem
621 687 816 754 transcendit
837 686 903 752 solo
925 685 1061 769 pudoris,

220 792 325 876 ‚Mans
348 809 421 858 oum
443 791 601 875 proposito
625 791 801 857 oonsooiata
822 789 894 858 fuit

541 995 793 1064 CXXXXVHII.

132 1148 182 1204 Du
200 1147 319 1204 ΒΟΝΤΕ
336 1147 566 1203 BAPTISTERII
585 1147 715 1203 SANCTI
733 1147 917 1204 somonam
932 1145 980 1202 ET
996 1147 1095 1216 AQVA
1112 1148 1209 1216 QVAE

456 1250 526 1305 PER
546 1251 740 1307 COLVMNAS
763 1251 885 1307 vomu.

190 1376 238 1440 Fon
260 1377 327 1440 sina
349 1367 432 1439 nube
455 1373 538 1455 pluit
561 1375 620 1441 sub
642 1371 738 1440 tactis
760 1371 863 1440 imbra
885 1393 992 1440 sereno

233 1479 274 1544 Et
297 1476 376 1543 caeli
399 1476 494 1543 lacios
516 1495 596 1560 pura
617 1479 780 1544 ministrat
802 1496 907 1562 aquas.

191 1582 317 1648 Probus
339 1583 545 1648 marmoribus
568 1581 740 1646 decurrunt
762 1581 893 1647 flumina
915 1581 1014 1646 saeris

234 1685 339 1768 Atque
362 1685 477 1750 iterum
500 1703 601 1750 rorem
623 1687 761 1767 parturit
783 1704 851 1750 eoos
872 1685 964 1768 lapis.

123 1787 146 1853 5
193 1789 291 1854 Arida
313 1806 387 1853 nam
409 1787 544 1871 liquidos
566 1788 698 1854 effundit
720 1788 851 1874 pergula
876 1789 990 1867 fontes,

233 1889 274 1956 Et
296 1911 402 1958 rursus
424 1895 507 1958 natis
530 1894 614 1958 unda
637 1911 771 1976 superna
792 1892 891 1958 uenit.

195 1993 309 2060 Sancta
332 2014 388 2077 per
409 1995 564 2062 aetherios
588 1995 712 2062 emanat
734 1995 856 2079 limpha
877 2013 1022 2076 reossans,

238 2098 387 2184 Eustorgi
410 2099 493 2164 uatis
516 2101 610 2166 doato
630 2101 816 2166 ministerio.

641 2305 700 2372 GL.

329 2455 542 2526 [excussum
565 2457 722 2513 nuuoon
746 2457 1014 2529 poossumus]

233 2577 293 2659 Qui
314 2579 446 2644 miratur
469 2579 571 2672 offioii
587 2573 738 2646 terminos
761 2580 793 2646 in
822 2581 994 2647 amicornm
1016 2599 1067 2646 me
1088 2578 1236 2646 laudibus

190 2701 348 2767 egressum
370 2681 487 2749 recolat
510 2703 604 2767 quam
626 2683 794 2768 imperiosa
814 2688 863 2750 est
891 2703 1012 2768 sempor
1033 2682 1154 2749 affeotio
1177 2700 1237 2748 neo

166 2803 300 2868 *parens
329 2786 479 2870 proposit
507 2787 629 2870 legibus
657 2787 706 2852 nis
733 2789 859 2853 amoris.
894 2790 927 2854 et
947 2786 1087 2870 prolooto
1109 2788 1136 2853 si
1158 2786 1237 2852 fatti

190 2890 252 2954 moi
274 2891 429 2956 rationem
452 2891 591 2974 quaerat,
614 2889 802 2973 religionem
826 2892 918 2957 uocat
946 2890 1028 2973 qood
1043 2888 1237 2956 montibatnr

124 2993 148 3059 5
193 3011 360 3058 exoossnm.

192 3129 235 3194 Vt
258 3130 384 3196 ualeant
406 3129 530 3214 aquilae
553 3130 703 3196 formatos
726 3134 855 3214 prodere
877 3132 970 3211 fetus,

193 3233 306 3298 Vitalis
330 3237 473 3300 tenorum
497 3232 616 3319 frangit
638 3235 726 3317 tepor
748 3234 863 3300 insitus
888 3253 991 3300 onom.

157 3479 333 3562 resanata
346 3508 381 3573 Β,
401 3508 659 3565 aramaaranmov
755 3508 971 3565 cxxxxvnu.
990 3507 1169 3565 nonnoso

102 3611 312 3668 nrussuron
331 3612 380 3666 oo
484 3613 639 3669 suasano
657 3614 685 3668 Β
789 3599 860 3681 ovi
882 3613 910 3668 n
1014 3613 1169 3681 1p1ueo13

100 3697 182 3753 inbre
207 3698 236 3752 Β
339 3697 528 3754 4moromt
630 3702 756 3768 parturet
780 3700 808 3754 Β
914 3698 1027 3753 llinfa
1055 3698 1096 3764 Β,
1126 3697 1238 3768 lympha

100 3787 131 3840 L
236 3783 289 3844 CL.
317 3783 743 3840 EXCVSATIO-LAVDIBVS
766 3786 831 3841 MP
849 3790 875 3840 et
893 3783 988 3852 Sirm„
1016 3800 1066 3841 om.
1090 3783 1238 3850 BLUl'V,

99 3869 289 3926 ENNODIVS
306 3869 444 3927 AVIENO
462 3873 581 3926 memb
685 3873 853 3927 ltorminua
871 3871 899 3925 Β
1002 3871 1159 3940 segressus
1177 3887 1237 3925 sum

99 3991 130 4045 L
217 3963 297 4059 qubm
315 3991 343 4046 Β
436 3991 569 4061 imperiosa
586 3992 614 4046 Β
709 3994 783 4065 3et]
803 4010 831 4047 os
849 3993 877 4048 Β
971 3992 1083 4047 4noaet
1099 3991 1167 4059 fort.
1295 4018 1301 4028 .

99 4075 187 4147 quod]
206 4075 252 4146 qni
277 4077 304 4132 U
391 4077 559 4132 mentibatnr
576 4078 614 4146 B,
640 4077 822 4134 mentiebatur
837 4079 896 4134 rell.
989 4076 1037 4131 DE
1055 4076 1237 4132 oosmvm

101 4159 337 4218 sovululoroo
355 4181 428 4220 uere.
447 4164 534 4220 inser.
546 4163 673 4220 Seloottus
772 4168 787 4217 1
805 4167 923 4220 nt-us.
942 4167 979 4219 10
995 4167 1056 4219 nisu
1074 4181 1125 4218 om.
1146 4163 1173 4218 T

100 4246 246 4317 perderet
349 4249 481 4304 2uitalos
500 4249 663 4320 franguntb
766 4251 842 4318 tepor
859 4251 896 4316 Β,
923 4250 1061 4318 teporibus
1080 4249 1141 4316 PV,
1168 4251 1237 4304 tam-

101 4331 213 4403 poribns
232 4333 297 4389 ΒΜ
300 4335 326 4391 U
329 4335 344 4390 b
448 4336 547 4391 insitus
566 4352 616 4391 om.
636 4335 673 4390 M
676 4337 703 4391 U
706 4336 721 4391 b
824 4335 905 4389 obum
923 4336 959 4402 Β,
985 4351 1085 4390 annum
1103 4335 1119 4390 b
