2934 4934
386 403 503 475 Opnse
522 405 574 462 III.
595 405 674 460 vita
691 404 722 460 B.
740 403 920 475 Epiphani.
1152 405 1215 473 379

86 597 119 660 et
141 593 198 660 ille
226 594 490 662 eminentissimus
519 613 586 676 rer,
615 597 669 679 qni
697 597 729 662 te
752 595 857 662 uidere
880 594 1054 662 ambienter
1076 593 1215 678 optabat

85 695 257 781 exposuisti
279 697 481 766 necessitates
503 701 626 766 nocuas
648 699 787 765 aduentu
808 702 874 780 tuo,
896 698 1064 781 autequam
1087 698 1213 777 diceres,

85 807 116 866 et
132 801 241 886 quales
256 801 359 868 tecum
375 801 588 868 habitantium
602 801 752 867 lacrimas
766 803 799 868 te
815 801 1021 884 conpulerint,
1044 800 1215 867 docuerunt

84 905 232 988 superata
257 905 445 971 discrimina.

62 1067 75 1106 s
128 1043 190 1108 Ast
212 1043 267 1108 ubi
291 1042 330 1108 ad
351 1043 526 1126 prinoipem
548 1046 655 1107 tamen
677 1042 835 1126 ingressus
856 1045 913 1121 est,
937 1042 983 1106 ita
997 1041 1082 1124 loqui
1097 1041 1213 1125 coepit:

85 1145 208 1224 “solita¹
232 1145 495 1225 renumerabilis,
520 1143 636 1210 mentis
651 1144 881 1227 tranquillitate
897 1144 1086 1212 famulorum
1108 1161 1213 1227 preces

81 1245 242 1330 intellege.
265 1249 297 1312 et
319 1267 369 1314 me
392 1248 432 1312 ad
454 1245 641 1329 postulanda
662 1248 835 1314 necessaria
858 1251 891 1312 et
913 1265 968 1313 uos
984 1247 1025 1313 ad
1047 1246 1215 1312 tribuenda

81 1368 159 1414 usus
187 1349 348 1416 informat.
384 1350 434 1415 lex
464 1352 604 1432 tuaest,
628 1349 740 1416 ductor
760 1350 894 1432 inuicte,
918 1350 1059 1416 misereri
1081 1351 1213 1434 iugiter:

82 1455 117 1518 tu
139 1472 265 1540 semper
299 1453 428 1520 nutristi
460 1472 549 1538 spem
582 1453 839 1520 intercessionum
869 1453 1102 1538 inposterum,
1139 1453 1215 1517 dum

49 1583 72 1621 ιι
80 1557 300 1636 praesentibus
323 1575 385 1620 non
407 1555 543 1622 resistis:
567 1555 653 1621 uiam
676 1557 898 1641 supplicationi
920 1557 1045 1622 nostrae
1067 1553 1215 1638 patefecit

82 1663 120 1726 ad
144 1659 270 1742 reliqua
292 1678 413 1742 semper
435 1659 516 1746 apud
532 1677 587 1725 uos
602 1659 745 1727 beneficii
760 1659 836 1725 tides
851 1660 1021 1743 impetrati.
1048 1659 1215 1744 Liguribus

81 1765 147 1828 tuis
177 1763 293 1848 largire
320 1763 402 1846 quod
431 1763 587 1851 proferas,
622 1763 724 1829 tribue
747 1767 827 1848 quod
855 1781 1003 1850 reponas:
1037 1763 1213 1828 futurorum

81 1867 232 1950 quaestus
261 1869 310 1931 eet
338 1867 521 1952 temporalis
550 1867 760 1950 indulgentia.
799 1865 874 1932 boni
902 1867 1053 1950 principis
1075 1882 1143 1930 mos
1165 1866 1214 1930 est

81 1987 154 2034 cum
179 1968 351 2036 uirtutibus
368 1989 472 2038 amare
487 1971 605 2036 famam
621 1973 655 2058 et
669 1988 800 2053 reguum
816 1972 862 2034 ita
876 1968 1030 2045 ordinare,
1052 1970 1213 2054 taiuquam

50 2073 118 2139 aad
149 2071 260 2156 stirpis
290 2091 363 2138 sune
392 2075 530 2156 posteros
559 2073 778 2138 transiturum.
815 2076 963 2138 nutantes
992 2072 1111 2138 domini
1136 2071 1214 2136 haec

80 2177 210 2240 tautum
242 2194 320 2260 quae
353 2177 510 2260 accipiunt
544 2177 694 2261 diligunt,
727 2175 900 2242 firmissimi
930 2175 986 2241 illa
1008 2175 1113 2258 potius
1136 2191 1215 2256 quae

81 2279 261 2346 dimittunt.
298 2279 344 2344 sic
365 2279 458 2346 terris
480 2279 600 2345 semina
623 2299 720 2362 parua
742 2280 979 2359 committimus,
1002 2282 1039 2344 ut
1060 2277 1214 2362 multipli-

82 2384 153 2448 cata
182 2385 358 2479 capiamus:
390 2379 479 2449 fenus
502 2384 568 2449 sine
596 2384 727 2450 crimine
749 2383 787 2450 tit
809 2382 1021 2469 triplicatum:
1055 2372 1129 2449 boui
1151 2381 1213 2447 im·

82 2485 237 2568 peratoris
260 2479 309 2552 est
331 2487 516 2570 possessoris
534 2484 702 2570 opulentis.
728 2484 858 2550 concede
882 2483 1116 2550 immunitatem
1139 2483 1213 2548 anni

49 2588 254 2671 spraeseutis
277 2585 431 2674 Liguriae,
455 2590 509 2672 qui
532 2607 583 2655 eos
601 2587 641 2655 ab
664 2589 808 2666 externis,
832 2586 1095 2672 quisupplicant,
1118 2586 1212 2650 redu·

81 2692 167 2758 xisti.
204 2679 300 2777 'quam
322 2693 447 2758 uberem
470 2693 665 2776 praesentem
690 2691 889 2760 natiuitatem
912 2687 1125 2769 habuerimus,
1148 2687 1213 2754 cle·

82 2795 203 2860 mentia
230 2793 335 2862 uestra
362 2793 523 2862 adstantes
552 2795 731 2880 interroget.
769 2816 860 2862 nemo
889 2795 935 2860 illi
965 2795 1130 2872 mentitur,
1162 2793 1212 2857 cni

82 2899 226 2974 seruiunt
242 2901 294 2985 qui
311 2897 523 2964 conuincaut”.
543 2897 582 2964 ao
597 2899 673 2964 haec
687 2899 847 2984 princeps:
865 2897 958 2965 ‘licet
969 2916 1025 2964 nos
1038 2894 1213 2962 inmanium

82 3019 290 3085 expensarum
311 3002 431 3085 pondus
454 3001 588 3067 inlicitet
610 3005 641 3066 et
663 3019 719 3085 pro
743 3001 881 3086 ipsorum
897 2999 1002 3084 quiete
1025 2998 1139 3084 legatis
1162 3000 1212 3064 iu·

50 3105 262 3170 sdesinenter
291 3124 422 3170 munera
449 3104 636 3188 largiamur,
667 3111 772 3172 tamen
801 3105 850 3170 nis
878 3106 1061 3171 meritorum
1086 3106 1212 3170 tuorum

83 3206 273 3277 tractatibus
295 3210 411 3275 nostris
440 3213 620 3274 reuerenter
642 3209 824 3276 interuenit.
860 3227 937 3293 opus
958 3209 1009 3276 eet
1029 3207 1099 3274 tisri
1125 3205 1213 3290 quic·

83 3311 155 3393 qnid
180 3311 367 3378 iniunxerir:
390 3313 481 3378 iuuat
503 3331 596 3378 omne
611 3316 691 3395 quod
712 3311 875 3395 praecipis.
904 3311 1108 3377 aestimamus
1127 3307 1213 3374 enim

83 3413 264 3498 conpendiis
291 3415 407 3479 nostris
430 3415 511 3481 adici
534 3415 625 3494 illud,
647 3419 728 3499 quod
751 3414 818 3498 ipse
838 3414 1037 3498 decerpseris.
1076 3411 1155 3478 nihil
1177 3413 1213 3476 tn

134 3707 147 3759 1
169 3702 342 3759 anteuenias
360 3701 387 3758 u
489 3704 675 3791 emesenae
696 3673 721 3758 n
818 3703 956 3758 eseam
975 3705 998 3768 (ι
1016 3706 1098 3767 aas.)
1118 3701 1145 3756 s

82 3812 162 3863 iiten
181 3807 210 3862 Β
225 3823 246 3862 s.
266 3807 281 3862 i.
387 3810 403 3862 9
430 3806 628 3864 iutereemionis
655 3807 739 3863 Siren.
844 3807 878 3861 10
902 3804 1012 3860 resistes
1039 3804 1081 3870 Β,
1110 3803 1213 3858 resistit

84 3915 118 3969 Τ·
226 3911 396 3981 suplicatioui
423 3910 450 3966 L
553 3911 586 3966 13
613 3912 723 3980 quastus
753 3909 810 3965 LV
911 3909 945 3965 15
970 3909 1093 3963 nutantis
1117 3907 1146 3963 Β

84 4015 115 4070 16
133 4013 256 4084 diligunt
277 4011 382 4068 raca.
401 4029 472 4072 corr.
490 4015 522 4068 in
539 4031 589 4085 mp.
694 4013 727 4068 17
745 4013 946 4068 committamus
965 4010 1001 4066 1'·
1102 4010 1135 4066 18
1153 3992 1214 4064 bou¹

82 4120 108 4174 B
205 4121 240 4176 20
257 4120 291 4176 ab
309 4136 360 4176 om.
378 4119 460 4176 serm.
551 4119 684 4190 suplicent
704 4117 731 4172 Τ
822 4117 857 4170 24
874 4115 996 4172 iniecitet
1011 4115 1053 4182 Β,
1078 4113 1215 4185 inplicitet

80 4227 148 4292 sort.
241 4225 278 4280 26
287 4225 463 4282 immerenter
478 4224 505 4278 T
593 4223 626 4278 ‘ri
639 4220 800 4278 iniuuoxcris
812 4219 869 4275 BT
958 4219 1078 4288 presepia
1094 4218 1130 4286 Β,
1157 4233 1214 4288 pre

82 4347 149 4417 epu
168 4344 251 4400 nus
349 4343 383 4399 ee
400 4342 470 4399 ιιιιιι
488 4357 538 4398 om.
557 4339 639 4398 erm.
721 4305 926 4411 “arpertus
