2934 4934
1203 422 1246 470 111

113 593 295 677 Belcarum
315 589 440 656 ultimis
455 589 556 672 pride*
579 591 733 657 inuenisse
755 595 870 658 nurse
899 594 1059 675 praeterea
1078 610 1115 657 er
1136 593 1244 658 eodem

113 698 195 763 libro
226 694 300 760 Veto
321 691 507 776 Epiptucii
530 694 658 780 (Opust.
673 693 739 779 ΙΙΙ)
761 693 796 761 in
817 695 907 762 Actis
928 695 982 762 SS.
1006 695 1144 761 Ianuarii
1165 699 1240 761 tcm.

114 801 148 866 ll
164 821 193 884 p.
210 799 275 866 ³64
286 815 352 881 sqq.
375 817 396 863 a
416 797 622 863 Bellendistis
645 797 771 881 sumpta
794 800 852 878 est,
875 816 954 880 quae
976 817 1015 862 eo
1034 799 1247 864 causostem

115 923 175 969 ecs.
200 902 323 968 Frate.
348 899 456 965 Medii
476 899 523 965 ibi
546 899 703 984 descripte
724 919 792 965 esse
812 899 937 980 dieitur,
960 902 1161 987 eiusdemque
1183 904 1245 968 ori-

116 1007 198 1092 ginis
220 1006 369 1072 lsctiones
392 1004 497 1069 uerius
512 1003 698 1088 Panegyrici
717 1001 845 1086 (Opuse
859 1004 889 1084 1)
908 1022 975 1069 esse
988 1004 1144 1085 uidentur,
1167 1023 1246 1088 quae

116 1111 267 1176 eFrenc.
292 1107 397 1174 Medic
419 1108 471 1174 Fr.
495 1107 647 1192 Sylburgc
674 1109 860 1176 commissae
886 1109 922 1174 iu
943 1108 1109 1190 Bongamii
1134 1127 1245 1176 manus

115 1210 401 1298 perstruuntur.
424 1211 543 1294 Hogen,
568 1209 671 1278 dotat
690 1212 756 1280 cod.
770 1209 872 1278 Bere.
894 1212 1043 1294 Append.
1065 1230 1097 1295 p.
1111 1213 1199 1295 528).

159 1333 264 1400 (lodex
291 1332 319 1397 B
348 1332 453 1398 usses
483 1334 675 1398 correcturas
703 1335 845 1417 expertus
872 1334 930 1410 est,
960 1351 1039 1417 quae
1068 1333 1130 1399 nisi
1152 1335 1244 1400 liceis

116 1439 300 1521 punctisque
330 1437 463 1518 exceptis
489 1436 669 1501 litterarum
698 1438 793 1502 ductu
825 1436 915 1503 facile
938 1437 1165 1504 discernuntur.
1204 1441 1243 1504 ad

116 1544 212 1606 uerbo
245 1541 436 1605 emendenda
467 1538 554 1606 nihils
580 1539 643 1604 iere
672 1540 846 1618 conferunt,
879 1558 950 1605 eum
980 1541 1108 1606 alterim
1130 1541 1244 1606 codicis

114 1663 174 1728 ope
203 1649 390 1710 correctores
420 1643 673 1708 destituerentur.
710 1643 805 1726 primi
834 1645 942 1709 autem
969 1647 1165 1709 correxerunt
1194 1645 1245 1709 illi

114 1749 177 1830 ipsi
200 1749 254 1829 qui
277 1746 413 1811 codicem
435 1746 628 1828 scripsemnt
643 1781 684 1794 -
700 1749 785 1811 certe
799 1747 993 1812 correcturae
1010 1746 1148 1812 eiusdem
1163 1749 1243 1811 tem·

114 1853 201 1933 peris
224 1852 318 1931 utque
340 1849 512 1930 scriptume
534 1867 601 1914 esse
624 1850 771 1914 uidentur
786 1885 828 1898 -
851 1850 978 1932 exiguos
1000 1849 1245 1916 describentium

113 1971 235 2019 errores
243 1952 292 2016 uel
302 1951 460 2036 archetypi
468 1953 682 2034 proprietates,
695 1971 773 2036 quae
781 1952 820 2018 ab
829 1972 887 2019 usu
895 1953 1051 2019 scribendi
1057 1953 1244 2020 recedebant

114 2058 277 2120 mutantes
302 2061 333 2120 et
355 2053 452 2120 uerba
479 2055 592 2121 cressa
613 2056 645 2121 in
667 2057 810 2140 margine
832 2058 1022 2141 supplentes,
1052 2059 1165 2140 quippe
1188 2061 1245 2141 qui

112 2176 178 2224 non
201 2157 413 2223 emendationi
427 2158 480 2222 scd
503 2157 631 2224 lectioni
653 2178 749 2242 quem
764 2161 886 2244 antiqui
903 2160 1049 2226 dicebant
1069 2162 1240 2227 studerent.

114 2267 242 2346 praeter
264 2263 408 2344 antiques
431 2262 504 2326 illas
527 2266 730 2342 correcturus,
758 2279 834 2345 ques
856 2281 933 2327 ecre.
956 2262 1142 2348 significaui,
1165 2282 1245 2347 quae

113 2385 171 2449 per
193 2365 298 2430 toturn
321 2365 458 2430 codicem
482 2383 672 2448 quamquem
695 2382 758 2430 non
780 2367 935 2431 constanti
951 2367 1175 2450 sequabilitate
1190 2367 1245 2432 de·

113 2468 360 2552 presentantur,
382 2469 415 2533 in
437 2469 596 2535 nonnullis
615 2468 701 2534 loliis
723 2471 956 2535 emendationes
978 2472 1113 2536 recentis
1130 2490 1244 2538 munus

115 2571 308 2654 (significant
330 2590 390 2636 reo.
415 2573 468 2653 m.)
494 2574 654 2655 apparent,
682 2590 762 2654 quae
783 2572 858 2655 quin
880 2571 968 2639 illius
991 2573 1057 2639 sint
1077 2574 1131 2657 qni
1153 2574 1245 2641 editi·

111 2691 207 2740 onem
243 2674 452 2740 Besileensem
488 2676 618 2759 parebat
654 2677 791 2742 debitori
823 2677 941 2759 nequit.
985 2695 1057 2742 nem
1091 2678 1245 2744 uocabula

112 2783 243 2861 propter
271 2778 435 2860 antiquum
466 2780 690 2862 decoctumque
711 2781 841 2846 dudum
864 2779 949 2845 lectu
969 2779 1120 2860 difficilia,
1149 2799 1245 2864 praue

114 2881 170 2945 uel
192 2883 301 2946 contre
322 2901 413 2948 usum
435 2883 488 2964 qui
511 2887 580 2947 tum
603 2885 672 2948 erat
693 2885 810 2967 scripta
833 2885 885 2948 uel
914 2902 976 2956 noc
997 2884 1160 2949 intellecta
1182 2901 1243 2951 non

112 2985 219 3050 solum
242 2985 379 3051 radendo
395 2991 426 3050 et
449 2987 630 3070 corrigendo
652 2988 791 3052 mutauit
812 2987 866 3052 sed
888 2987 1072 3069 plerumque
1089 2986 1245 3069 quaesibi

117 3091 204 3154 reete
227 3089 416 3155 uidebantur
436 3107 532 3171 cupre
553 3091 656 3155 textus
678 3091 831 3156 uocabula
848 3089 948 3173 plenis
970 3090 1086 3155 litteris
1108 3090 1243 3173 scripsit,

115 3211 231 3275 nempe
252 3195 289 3257 ut
311 3210 420 3275 operae
444 3192 548 3258 codice
569 3193 636 3276 ipso
659 3193 693 3257 in
715 3192 841 3258 cilicino
861 3193 1020 3258 commode
1038 3193 1086 3257 uti
1108 3195 1243 3276 possent.

115 3297 191 3363 inde
216 3297 409 3379 explicentur
431 3297 528 3362 etiam
551 3314 630 3378 quae
658 3296 767 3380 lingua
791 3296 971 3374 germanica
991 3295 1147 3378 adscripto
1168 3300 1247 3362 sunt

116 3401 174 3466 fel.
199 3401 270 3466 157¹
291 3399 326 3464 in
357 3401 416 3466 fine
446 3400 592 3466 carminis
615 3400 645 3464 II
670 3400 729 3464 ΙΙΙ
759 3399 812 3464 ieie
839 3401 928 3464 weiss
955 3400 1006 3464 nit
1033 3417 1100 3463 was
1120 3400 1182 3466 das
1202 3402 1245 3464 ist

115 3509 149 3569 et
171 3503 226 3570 iol.
251 3503 326 3568 161²
347 3502 407 3568 das
430 3502 495 3568 less
516 3521 586 3568 mes.
619 3501 711 3567 huius
732 3503 856 3586 generis
878 3506 1071 3568 correcturas
1091 3521 1152 3568 non
1176 3521 1243 3568 om·

116 3625 173 3672 nes
206 3607 324 3683 nocui,
357 3607 411 3674 sed
444 3611 551 3672 temen
583 3623 644 3672 non
678 3605 801 3690 neglexi
829 3624 906 3688 quas
934 3607 973 3671 ad
1004 3605 1244 3690 significandum

116 3712 345 3794 scripturarum
367 3729 447 3793 quoe
468 3711 501 3775 in
517 3710 702 3776 editionibus
724 3708 928 3776 obtinuerunt
950 3708 1110 3793 originem,
1133 3711 1174 3776 sd
1195 3714 1245 3776 ic·

116 3815 315 3881 lustrandam
344 3814 496 3879 rationem
518 3813 646 3878 editoris
668 3813 720 3877 uel
742 3811 806 3878 alie
828 3813 867 3877 de
888 3830 983 3878 eausa
1004 3829 1245 3879 commemorare

118 3938 179 3984 nou
209 3918 320 3986 inutile
348 3917 513 3984 hebetem.
546 3917 699 3981 nonnulla
720 3917 817 3981 etiam
837 3915 985 3983 Schottus
1010 3933 1084 3981 cum
1105 3916 1246 3982 codicem

116 4041 188 4088 cum
222 4023 358 4088 editione
390 4019 529 4104 principe
561 4019 724 4100 conferret,
747 4021 917 4087 adnotauit
961 4020 1099 4085 codicem
1121 4038 1246 4086 summu

118 4126 309 4192 liberalitate
325 4143 441 4201 eorum,
460 4125 514 4207 qui
531 4123 738 4190 bibliothecae
753 4124 945 4190 Bruxellensi
960 4128 1110 4206 praesunt
1125 4122 1243 4188 Vindo-

120 4230 232 4294 bouem
266 4228 398 4294 missurn
427 4231 490 4296 iere
517 4233 620 4298 totum
642 4229 692 4295 bis
719 4229 839 4296 contuli
867 4228 993 4312 eiusque
1021 4227 1244 4310 discrepantes

117 4331 212 4398 etiam
234 4332 369 4398 minores
391 4333 424 4398 in
445 4336 631 4417 apparatum
654 4333 797 4400 criticum
819 4332 929 4414 recepi.
961 4349 1036 4397 nam
1057 4332 1246 4397 auctoritate

1103 4453 1141 4503 μ
