2934 4934
245 358 308 425 432
602 355 715 427 Magni
733 355 860 411 Felicis
875 354 1010 411 Ennodi

246 546 420 635 inquisitori
437 545 545 612 fotura
560 546 757 613 oooinerunt:
781 547 860 611 hino-
877 546 983 612 fumus
999 546 1130 614 sordidis
1146 564 1251 613 aerem
1265 546 1373 629 ipsum

245 650 358 735 polluit
379 664 504 731 sparsus
527 648 704 731 permulta
725 648 891 732 contagiis.
927 652 967 715 ad
989 650 1113 727 ultime,
1135 650 1211 719 line
1232 655 1374 716 maetate

245 770 300 836 per
321 752 452 817 lanistae
473 751 647 817 hostiarum
669 752 843 817 multitudo
864 751 1011 834 quiequid
1037 755 1114 820 deus
1138 757 1187 818 est
1208 753 1371 837 erogauit

245 858 319 921 dnm
341 854 423 921 farra
445 858 572 939 sangnis
595 856 667 921 tura
688 855 835 922 nerninae
858 855 950 922 idolis
966 856 1158 935 exhibentur,
1181 859 1257 923 dum
1273 858 1374 922 ritum
1447 878 1448 881 ¹

245 958 420 1041 simplicem
436 960 521 1024 aetas
537 956 659 1024 Christo
673 959 801 1026 inimioa
815 977 876 1024 non
898 958 1010 1041 reoipit
1025 959 1060 1025 et
1075 958 1260 1025 multifariis
1277 976 1371 1024 eensn
1390 978 1403 1019 s
1447 948 1448 951 ’

244 1060 405 1127 laborante
434 1061 642 1127 oblationibus
668 1080 836 1147 supernam
866 1067 1021 1129 mereatur
1051 1063 1209 1129 offensam.
1256 1062 1371 1128 liberet

245 1165 290 1231 ire
311 1184 365 1247 per
387 1165 513 1249 singula
536 1167 567 1231 et
589 1166 784 1232 funestmnm
809 1169 930 1233 seoreta
957 1166 1113 1234 laetorum
1134 1167 1263 1251 linguae
1286 1167 1372 1233 elane
1447 1198 1448 1203 ι

245 1284 389 1345 reserare,
413 1268 447 1333 ni
468 1268 580 1333 merito
595 1267 800 1334 aestimemus
814 1272 875 1335 oris
897 1270 1047 1336 iniuriam
1069 1288 1193 1336 narrare
1213 1268 1372 1335 sordentia

245 1373 277 1435 et
299 1369 379 1452 quod
402 1370 474 1435 illos
496 1370 618 1436 notione
639 1372 776 1454 peroulit
803 1392 859 1438 nos
884 1373 1009 1456 loquela
1031 1373 1233 1440 eontaminet
1271 1372 1372 1454 expli·
1447 1364 1448 1371 ’

246 1490 351 1539 oernns
373 1474 513 1553 interim,
544 1472 656 1557 quibus
685 1476 749 1540 sint
781 1474 844 1541 ista
864 1479 989 1542 mutata
1011 1478 1225 1555 suoeessibns‚
1253 1476 1404 1559 quantor·
1447 1526 1448 1539 ,

245 1580 412 1661 praesenta
440 1576 602 1660 splendore
630 1596 689 1645 nox
719 1577 849 1662 ingerit.
894 1580 949 1644 nbi
969 1581 1045 1645 sunt
1070 1579 1179 1663 sigilla
1203 1580 1372 1644 numinum

246 1680 328 1745 notis
343 1680 517 1764 imaginata
531 1679 715 1760 lamentum,
737 1698 869 1763 quorum
885 1682 982 1748 faoies
999 1682 1034 1747 in
1050 1684 1207 1767 potestate
1221 1682 1371 1765 pependit
1447 1736 1448 1761 ,

246 1782 388 1861 artifiois,
418 1782 531 1866 quibus
553 1785 688 1866 pretinm
710 1786 766 1850 aut
787 1784 965 1850 sollieitndo
989 1785 1149 1870 operantis
1171 1786 1294 1869 peperit
1315 1787 1370 1849 aut
1446 1786 1448 1869 1

246 1886 432 1953 metallum?
460 1887 512 1952 ubi
535 1890 609 1953 sunt
631 1888 691 1964 dii,
715 1886 830 1969 quibus
851 1887 1024 1970 potentium
1052 1887 1204 1953 dederunt
1224 1888 1368 1954 homines
1446 1882 1448 1975 1

246 1989 365 2067 fulgore
387 1991 606 2071 gemmarum?
632 2010 670 2055 en
692 1990 799 2070 uideo,
823 1991 928 2057 omnia
949 1991 1011 2055 ista
1036 1991 1198 2075 ingerunt,
1222 1992 1260 2057 nt
1280 1992 1405 2058 eredere
1447 1982 1448 1995 ’

246 2092 388 2159 Christus
409 2096 566 2178 ingressus
589 2098 650 2160 est:
673 2094 876 2179 respiciamus
891 2095 978 2160 ouius
996 2094 1096 2161 initus
1112 2095 1244 2161 auxiliis.
1274 2113 1370 2159 uene·

246 2198 321 2263 runt
343 2215 414 2262 oum
436 2216 471 2263 eo
493 2198 648 2264 naulorum
669 2196 768 2280 radii,
796 2198 1008 2281 apostolorum
1040 2198 1234 2275 diademata,
1257 2197 1371 2262 Petrus

247 2304 279 2365 et
300 2300 426 2367 Paulus.
471 2301 525 2385 qni
548 2302 629 2366 enim
657 2302 689 2369 in
718 2302 944 2367 restauratione
964 2301 1049 2367 aedis
1076 2301 1181 2367 essent
1205 2299 1370 2365 neeessarii
1447 2382 1448 2387 ἵ

246 2404 306 2469 nisi
328 2404 514 2469 arohiteotus
537 2409 569 2471 et
595 2406 705 2488 petre?
749 2406 811 2470 nisi
835 2405 914 2488 lapis
946 2410 979 2471 et
1006 2403 1287 2489 superaedificans?
1308 2402 1372 2469 nisi

161 2556 164 2561 .
246 2506 482 2573 fundamentum
504 2512 536 2573 et
559 2508 687 2591 opifex?
722 2508 798 2591 qnid
832 2507 993 2591 trepidatis
1026 2509 1142 2592 periola
1166 2506 1408 2573 mortaliumln
1446 2530 1448 2617 p

247 2610 321 2693 quid
344 2612 432 2677 anxio
446 2610 553 2695 lugam
569 2612 685 2695 paratis
701 2614 855 2676 exouran?
876 2612 931 2677 ille
946 2614 995 2677 est
1010 2611 1060 2677 eni
1075 2611 1181 2676 nullus
1195 2610 1372 2675 uersutiam
1447 2662 1448 2701 3

247 2718 385 2780 nestram
413 2714 515 2798 lapsus
543 2713 721 2792 absoondit‚
751 2717 804 2797 qni
827 2732 898 2780 eum
921 2717 987 2782 looo
1009 2734 1071 2782 non
1093 2715 1266 2792 moneatur,
1292 2731 1372 2795 qno-
1446 2704 1448 2759 l

247 2834 377 2900 eumque
399 2817 537 2884 abieritis
558 2816 744 2899 insequitur.
767 2817 840 2882 neni
856 2834 938 2901 ergo,
961 2817 1100 2901 piissime
1119 2818 1251 2901 domine,
1274 2819 1308 2880 et
1332 2818 1371 2881 ed
1447 2804 1448 2891 g

247 2919 505 2987 oonseorationem
532 2920 632 3003 operis
662 2921 709 2986 tui
730 2920 843 3002 plenus
866 2919 1021 2986 inlabere:
1046 2909 1127 2987 'niae
1157 2919 1288 2985 humani
1316 2936 1374 3000 per
1447 2910 1448 2915 ’

247 3024 403 3106 baptisma
425 3023 557 3108 peetoris
578 3026 749 3108 purgentur
771 3024 850 3089 haee
867 3024 984 3107 templa
1000 3024 1087 3106 turpi
1107 3023 1258 3089 haetenus
1280 3021 1370 3087 dedi·
1382 3045 1410 3085 ss

299 3282 498 3370 31111111ιιίᾱ
521 3282 549 3336 Β
650 3280 817 3335 eneruem
835 3284 893 3349 (nr-
911 3282 929 3335 b
947 3284 1027 3338 corre
1050 3280 1079 3334 n
1181 3278 1373 3347 sompnum
1447 3242 1448 3303 ἵ

248 3392 306 3457 (pr.
329 3404 357 3441 m
378 3388 410 3443 ior
432 3388 498 3457 rae.)
524 3387 553 3441 B
664 3385 813 3454 simplieem
839 3384 923 3438 ritum
950 3382 1032 3438 ΜΨ
1139 3382 1239 3451 reeepit
1266 3380 1301 3436 1³

247 3472 427 3544 multiphariis
453 3474 479 3529 T
578 3487 659 3528 oeusu
682 3472 722 3537 Β,
751 3486 862 3527 sensura
885 3468 1015 3525 nPrVn
1118 3467 1293 3525 blaboranti
1318 3468 1377 3523 ΒΡ
1447 3470 1448 3477 ’

250 3562 303 3619 TV
420 3563 571 3617 mercentur
596 3559 638 3629 Β,
672 3561 806 3613 mereatur
832 3557 848 3613 b
968 3556 984 3610 'l
1009 3554 1144 3611 laetorum
1169 3554 1210 3619 Β,
1239 3569 1289 3610 osa
1318 3554 1377 3609 LP

250 3650 321 3705 TVb
422 3648 517 3716 lingna
540 3645 567 3700 B
669 3646 686 3700 8
709 3646 863 3699 estimemns
885 3641 914 3697 B
1016 3641 1168 3711 9loquella
1185 3640 1213 3695 B
1310 3656 1376 3695 eon·
1447 3632 1448 3657 ³

247 3736 391 3791 taminaret
417 3732 499 3789 Sirra.
620 3733 651 3786 11
678 3734 809 3801 pretenta
834 3730 861 3783 Β
981 3744 1032 3783 nox
1058 3727 1196 3797 splendore
1223 3724 1304 3781 ΜΨ
1447 3714 1448 3733 ’

247 3828 370 3911 suarim
388 3854 423 3922 n,
449 3826 588 3939 simmam
605 3853 633 3907 Β
733 3852 766 3907 12
782 3850 926 3921 maginare
944 3850 971 3905 n
1067 3850 1101 3905 re
1117 3847 1219 3919 peperit
1235 3851 1377 3919 oannes

248 3958 331 4016 arr
420 3958 496 4014 mut
510 3955 818 4027 meorumnam
901 3953 935 4008 ns
952 3954 1026 4009 enus
1043 3953 1080 4020 a,
1105 3951 1204 4023 quibua
1221 3950 1309 4007 nro

249 4048 281 4103 17
309 4044 476 4134 euroelorum
501 4044 529 4098 Β
639 4043 670 4099 18
695 4041 890 4097 memoratione
917 4040 945 4095 Β
1052 4039 1087 4095 20
1112 4038 1229 4109 per-iouia
1256 4038 1303 4091 Pb

249 4184 281 4239 21
308 4150 378 4269 qnod
402 4184 430 4238 B
532 4182 619 4237 nullos
642 4186 682 4249 (ae
704 4184 737 4238 ior
759 4196 813 4238 roo.
838 4197 872 4237 ea
895 4180 934 4237 d?
956 4182 1038 4249 corr.)
1066 4179 1097 4246 V,
1127 4178 1231 4234 nnllam
1255 4178 1302 4233 Pb

249 4289 283 4344 25
300 4290 408 4343 aetem
425 4288 452 4343 B
