<?xml version="1.0" encoding="UTF-8"?>
<!DOCTYPE html PUBLIC "-//W3C//DTD XHTML 1.0 Transitional//EN"
    "http://www.w3.org/TR/xhtml1/DTD/xhtml1-transitional.dtd">
<html xmlns="http://www.w3.org/1999/xhtml" xml:lang="en" lang="en">
 <head>
  <title>
</title>
<meta http-equiv="Content-Type" content="text/html;charset=utf-8" />
  <meta name='ocr-system' content='tesseract 3.04.00' />
  <meta name='ocr-capabilities' content='ocr_page ocr_carea ocr_par ocr_line ocrx_word'/>
</head>
<body>
  <div class='ocr_page' id='page_1' title='image "./corpusscriptoru13wissgoog_0020.png"; bbox 0 0 2934 4934; ppageno 0'>
   <div class='ocr_carea' id='block_1_1' title="bbox 203 415 269 464">
    <p class='ocr_par' dir='ltr' id='par_1_1' title="bbox 203 415 269 464">
     <span class='ocr_line' id='line_1_1' title="bbox 203 415 269 464; baseline 0.03 -2"><span class='ocrx_word' id='word_1_1' title='bbox 203 415 269 464; x_wconf 84' lang='lat' dir='ltr'><strong>vm</strong></span> 
     </span>
    </p>
   </div>
   <div class='ocr_carea' id='block_1_2' title="bbox 151 585 1338 3896">
    <p class='ocr_par' dir='ltr' id='par_1_2' title="bbox 151 585 1338 3896">
     <span class='ocr_line' id='line_1_2' title="bbox 205 585 1338 670; baseline -0.001 -17"><span class='ocrx_word' id='word_1_2' title='bbox 205 587 334 654; x_wconf 88' lang='lat' dir='ltr'><strong>nionum</strong></span> <span class='ocrx_word' id='word_1_3' title='bbox 364 587 491 666; x_wconf 80' lang='lat' dir='ltr'><strong>iecerat,</strong></span> <span class='ocrx_word' id='word_1_4' title='bbox 524 606 585 670; x_wconf 87' lang='lat' dir='ltr'><strong>qua</strong></span> <span class='ocrx_word' id='word_1_5' title='bbox 613 591 685 670; x_wconf 87' lang='lat' dir='ltr'><strong>post</strong></span> <span class='ocrx_word' id='word_1_6' title='bbox 714 587 768 652; x_wconf 84' lang='lat' dir='ltr'><strong>iol.</strong></span> <span class='ocrx_word' id='word_1_7' title='bbox 792 587 847 653; x_wconf 72' lang='lat'><strong>32⁰</strong></span> <span class='ocrx_word' id='word_1_8' title='bbox 877 588 1048 670; x_wconf 73' lang='lat' dir='ltr'>quaternio,</span> <span class='ocrx_word' id='word_1_9' title='bbox 1075 585 1266 670; x_wconf 84' lang='lat' dir='ltr'><strong>Opnseulnm</strong></span> <span class='ocrx_word' id='word_1_10' title='bbox 1287 589 1338 654; x_wconf 91' lang='lat' dir='ltr'><strong>III</strong></span> 
     </span>
     <span class='ocr_line' id='line_1_3' title="bbox 205 688 1335 776; baseline 0.003 -21"><span class='ocrx_word' id='word_1_11' title='bbox 205 690 278 757; x_wconf 84' lang='lat' dir='ltr'><strong>inde</strong></span> <span class='ocrx_word' id='word_1_12' title='bbox 299 709 319 757; x_wconf 86' lang='grc' dir='ltr'>ο</span> <span class='ocrx_word' id='word_1_13' title='bbox 340 688 443 756; x_wconf 89' lang='lat' dir='ltr'><strong>uerbis</strong></span> <span class='ocrx_word' id='word_1_14' title='bbox 471 689 615 771; x_wconf 75' lang='lat' dir='ltr'><strong>nefando</strong></span> <span class='ocrx_word' id='word_1_15' title='bbox 640 691 788 756; x_wconf 75' lang='lat' dir='ltr'><strong>tmaenire</strong></span> <span class='ocrx_word' id='word_1_16' title='bbox 808 709 838 773; x_wconf 93' lang='lat' dir='ltr'><strong>p.</strong></span> <span class='ocrx_word' id='word_1_17' title='bbox 862 689 935 768; x_wconf 80' lang='lat'>348,</span> <span class='ocrx_word' id='word_1_18' title='bbox 958 691 1010 768; x_wconf 76' lang='lat'><strong>20,</strong></span> <span class='ocrx_word' id='word_1_19' title='bbox 1034 689 1148 773; x_wconf 84' lang='lat' dir='ltr'><strong>Opuso.</strong></span> <span class='ocrx_word' id='word_1_20' title='bbox 1171 690 1210 770; x_wconf 71' lang='lat' dir='ltr'><strong>IL</strong></span> <span class='ocrx_word' id='word_1_21' title='bbox 1235 691 1335 776; x_wconf 76' lang='lat' dir='ltr'><strong>Epist.</strong></span> 
     </span>
     <span class='ocr_line' id='line_1_4' title="bbox 205 791 1337 880; baseline 0.004 -22"><span class='ocrx_word' id='word_1_22' title='bbox 205 793 255 859; x_wconf 92' lang='lat' dir='ltr'><strong>III</strong></span> <span class='ocrx_word' id='word_1_23' title='bbox 272 794 408 874; x_wconf 80' lang='grc'>13-15,</span> <span class='ocrx_word' id='word_1_24' title='bbox 432 791 513 860; x_wconf 87' lang='lat' dir='ltr'><strong>Diot.</strong></span> <span class='ocrx_word' id='word_1_25' title='bbox 537 793 635 858; x_wconf 89' lang='lat' dir='ltr'>VIIII</span> <span class='ocrx_word' id='word_1_26' title='bbox 657 796 689 859; x_wconf 87' lang='lat' dir='ltr'><strong>et</strong></span> <span class='ocrx_word' id='word_1_27' title='bbox 711 794 808 878; x_wconf 79' lang='lat' dir='ltr'><strong>Epist.</strong></span> <span class='ocrx_word' id='word_1_28' title='bbox 831 793 882 859; x_wconf 88' lang='lat'><strong>111</strong></span> <span class='ocrx_word' id='word_1_29' title='bbox 905 793 1031 861; x_wconf 77' lang='lat'>16-18</span> <span class='ocrx_word' id='word_1_30' title='bbox 1058 812 1156 880; x_wconf 88' lang='lat' dir='ltr'><strong>nsque</strong></span> <span class='ocrx_word' id='word_1_31' title='bbox 1177 796 1216 861; x_wconf 84' lang='lat' dir='ltr'><strong>ad</strong></span> <span class='ocrx_word' id='word_1_32' title='bbox 1239 795 1337 863; x_wconf 86' lang='lat' dir='ltr'><strong>uerba</strong></span> 
     </span>
     <span class='ocr_line' id='line_1_5' title="bbox 204 897 1337 982; baseline 0.002 -20"><span class='ocrx_word' id='word_1_33' title='bbox 204 897 287 980; x_wconf 78' lang='lat' dir='ltr'><strong>qood</strong></span> <span class='ocrx_word' id='word_1_34' title='bbox 308 897 383 962; x_wconf 78' lang='lat' dir='ltr'><strong>deos</strong></span> <span class='ocrx_word' id='word_1_35' title='bbox 404 897 539 962; x_wconf 77' lang='lat' dir='ltr'><strong>mandet</strong></span> <span class='ocrx_word' id='word_1_36' title='bbox 560 916 591 980; x_wconf 91' lang='lat' dir='ltr'><strong>p.</strong></span> <span class='ocrx_word' id='word_1_37' title='bbox 614 897 665 977; x_wconf 81' lang='lat'><strong>85,</strong></span> <span class='ocrx_word' id='word_1_38' title='bbox 690 899 730 966; x_wconf 88' lang='lat'><strong>19</strong></span> <span class='ocrx_word' id='word_1_39' title='bbox 753 898 922 978; x_wconf 78' lang='lat' dir='ltr'><strong>mutinam,</strong></span> <span class='ocrx_word' id='word_1_40' title='bbox 944 897 1089 982; x_wconf 84' lang='lat' dir='ltr'><strong>perierat.</strong></span> <span class='ocrx_word' id='word_1_41' title='bbox 1125 899 1240 965; x_wconf 86' lang='lat' dir='ltr'><strong>maiore</strong></span> <span class='ocrx_word' id='word_1_42' title='bbox 1261 917 1337 965; x_wconf 88' lang='lat' dir='ltr'><strong>uero</strong></span> 
     </span>
     <span class='ocr_line' id='line_1_6' title="bbox 205 1002 1337 1087; baseline 0.004 -21"><span class='ocrx_word' id='word_1_43' title='bbox 205 1002 319 1066; x_wconf 83' lang='lat' dir='ltr'><strong>lanum</strong></span> <span class='ocrx_word' id='word_1_44' title='bbox 340 1006 411 1084; x_wconf 90' lang='lat' dir='ltr'><strong>post</strong></span> <span class='ocrx_word' id='word_1_45' title='bbox 432 1002 486 1067; x_wconf 85' lang='lat' dir='ltr'><strong>fol.</strong></span> <span class='ocrx_word' id='word_1_46' title='bbox 505 1003 562 1069; x_wconf 67' lang='lat'><strong>54²</strong></span> <span class='ocrx_word' id='word_1_47' title='bbox 583 1003 688 1068; x_wconf 85' lang='lat' dir='ltr'><strong>omnia</strong></span> <span class='ocrx_word' id='word_1_48' title='bbox 709 1003 854 1086; x_wconf 78' lang='lat' dir='ltr'><strong>deinceps</strong></span> <span class='ocrx_word' id='word_1_49' title='bbox 874 1004 992 1087; x_wconf 78' lang='lat' dir='ltr'><strong>scripta</strong></span> <span class='ocrx_word' id='word_1_50' title='bbox 1014 1021 1093 1087; x_wconf 80' lang='lat' dir='ltr'><strong>quse</strong></span> <span class='ocrx_word' id='word_1_51' title='bbox 1113 1004 1235 1070; x_wconf 84' lang='lat' dir='ltr'><strong>tabella</strong></span> <span class='ocrx_word' id='word_1_52' title='bbox 1255 1003 1337 1070; x_wconf 85' lang='lat' dir='ltr'><strong>inire</strong></span> 
     </span>
     <span class='ocr_line' id='line_1_7' title="bbox 205 1103 1337 1190; baseline 0.001 -19"><span class='ocrx_word' id='word_1_53' title='bbox 205 1105 377 1188; x_wconf 81' lang='lat' dir='ltr'><strong>oomposita</strong></span> <span class='ocrx_word' id='word_1_54' title='bbox 399 1109 622 1172; x_wconf 76' lang='lat' dir='ltr'><strong>enumerantur</strong></span> <span class='ocrx_word' id='word_1_55' title='bbox 645 1106 716 1171; x_wconf 88' lang='lat' dir='ltr'><strong>inde</strong></span> <span class='ocrx_word' id='word_1_56' title='bbox 740 1107 779 1172; x_wconf 82' lang='lat' dir='ltr'><strong>ab</strong></span> <span class='ocrx_word' id='word_1_57' title='bbox 801 1103 913 1190; x_wconf 79' lang='lat' dir='ltr'><strong>epure.</strong></span> <span class='ocrx_word' id='word_1_58' title='bbox 931 1106 947 1173; x_wconf 91' lang='lat'>1</span> <span class='ocrx_word' id='word_1_59' title='bbox 969 1125 1066 1190; x_wconf 89' lang='lat' dir='ltr'><strong>nsque</strong></span> <span class='ocrx_word' id='word_1_60' title='bbox 1087 1108 1127 1173; x_wconf 85' lang='lat' dir='ltr'><strong>ad</strong></span> <span class='ocrx_word' id='word_1_61' title='bbox 1141 1107 1240 1190; x_wconf 81' lang='lat' dir='ltr'><strong>Epist.</strong></span> <span class='ocrx_word' id='word_1_62' title='bbox 1257 1107 1337 1173; x_wconf 82' lang='lat' dir='ltr'>VIII</span> 
     </span>
     <span class='ocr_line' id='line_1_8' title="bbox 203 1208 1337 1292; baseline 0.005 -20"><span class='ocrx_word' id='word_1_63' title='bbox 203 1209 225 1272; x_wconf 84' lang='lat'>2</span> <span class='ocrx_word' id='word_1_64' title='bbox 246 1226 277 1289; x_wconf 93' lang='lat' dir='ltr'><strong>p.</strong></span> <span class='ocrx_word' id='word_1_65' title='bbox 294 1208 368 1286; x_wconf 80' lang='lat'>201,</span> <span class='ocrx_word' id='word_1_66' title='bbox 386 1209 426 1274; x_wconf 86' lang='lat'><strong>13</strong></span> <span class='ocrx_word' id='word_1_67' title='bbox 442 1209 580 1292; x_wconf 73' lang='lat' dir='ltr'><strong>ferretur</strong></span> <span class='ocrx_word' id='word_1_68' title='bbox 600 1210 638 1275; x_wconf 81' lang='lat' dir='ltr'><strong>in</strong></span> <span class='ocrx_word' id='word_1_69' title='bbox 652 1209 791 1275; x_wconf 76' lang='lat' dir='ltr'><strong>medium</strong></span> <span class='ocrx_word' id='word_1_70' title='bbox 804 1209 919 1276; x_wconf 83' lang='lat' dir='ltr'><strong>hausta</strong></span> <span class='ocrx_word' id='word_1_71' title='bbox 933 1212 1016 1276; x_wconf 86' lang='lat' dir='ltr'><strong>sunt.</strong></span> <span class='ocrx_word' id='word_1_72' title='bbox 1040 1211 1157 1276; x_wconf 90' lang='lat' dir='ltr'><strong>librum</strong></span> <span class='ocrx_word' id='word_1_73' title='bbox 1172 1229 1245 1278; x_wconf 91' lang='lat' dir='ltr'><strong>uero</strong></span> <span class='ocrx_word' id='word_1_74' title='bbox 1260 1211 1337 1278; x_wconf 91' lang='lat' dir='ltr'><strong>olim</strong></span> 
     </span>
     <span class='ocr_line' id='line_1_9' title="bbox 203 1309 1336 1399; baseline 0.004 -24"><span class='ocrx_word' id='word_1_75' title='bbox 203 1309 254 1376; x_wconf 88' lang='lat' dir='ltr'><strong>hie</strong></span> <span class='ocrx_word' id='word_1_76' title='bbox 277 1311 399 1378; x_wconf 87' lang='lat' dir='ltr'><strong>laeunis</strong></span> <span class='ocrx_word' id='word_1_77' title='bbox 421 1329 483 1378; x_wconf 92' lang='lat' dir='ltr'><strong>non</strong></span> <span class='ocrx_word' id='word_1_78' title='bbox 505 1312 665 1378; x_wconf 83' lang='lat' dir='ltr'><strong>foedatum</strong></span> <span class='ocrx_word' id='word_1_79' title='bbox 687 1312 784 1378; x_wconf 86' lang='lat' dir='ltr'><strong>fuisse</strong></span> <span class='ocrx_word' id='word_1_80' title='bbox 804 1312 903 1380; x_wconf 86' lang='lat' dir='ltr'><strong>uerba</strong></span> <span class='ocrx_word' id='word_1_81' title='bbox 923 1312 979 1380; x_wconf 85' lang='lat' dir='ltr'><strong>fol.</strong></span> <span class='ocrx_word' id='word_1_82' title='bbox 1001 1315 1057 1380; x_wconf 82' lang='grc'><strong>32·</strong></span> <span class='ocrx_word' id='word_1_83' title='bbox 1077 1314 1232 1399; x_wconf 77' lang='lat' dir='ltr'><strong>indopo&#39;rei</strong></span> <span class='ocrx_word' id='word_1_84' title='bbox 1259 1335 1336 1381; x_wconf 81' lang='lat' dir='ltr'><strong>oon-</strong></span> 
     </span>
     <span class='ocr_line' id='line_1_10' title="bbox 203 1414 1334 1520; baseline 0.008 -25"><span class='ocrx_word' id='word_1_85' title='bbox 203 1429 283 1496; x_wconf 64' lang='lat' dir='ltr'><strong>soot</strong></span> <span class='ocrx_word' id='word_1_86' title='bbox 313 1432 369 1517; x_wconf 82' lang='lat'><strong>(=</strong></span> <span class='ocrx_word' id='word_1_87' title='bbox 384 1451 415 1516; x_wconf 75' lang='lat' dir='ltr'><strong>p.</strong></span> <span class='ocrx_word' id='word_1_88' title='bbox 437 1433 511 1510; x_wconf 79' lang='grc' dir='ltr'><strong>οοο,</strong></span> <span class='ocrx_word' id='word_1_89' title='bbox 535 1431 590 1520; x_wconf 81' lang='lat' dir='ltr'><strong>no)</strong></span> <span class='ocrx_word' id='word_1_90' title='bbox 619 1437 652 1500; x_wconf 74' lang='lat'><strong>01</strong></span> <span class='ocrx_word' id='word_1_91' title='bbox 673 1433 729 1501; x_wconf 73' lang='lat' dir='ltr'><strong>sn</strong></span> <span class='ocrx_word' id='word_1_92' title='bbox 757 1431 853 1500; x_wconf 74' lang='lat' dir='ltr'><strong>strom</strong></span> <span class='ocrx_word' id='word_1_93' title='bbox 875 1435 1029 1517; x_wconf 54' lang='lat' dir='ltr'><strong>promes</strong></span> <span class='ocrx_word' id='word_1_94' title='bbox 1050 1414 1113 1500; x_wconf 71' lang='lat' dir='ltr'><strong>oto</strong></span> <span class='ocrx_word' id='word_1_95' title='bbox 1137 1440 1192 1519; x_wconf 53' lang='grc' dir='ltr'><strong>(ε</strong></span> <span class='ocrx_word' id='word_1_96' title='bbox 1207 1455 1238 1519; x_wconf 73' lang='lat' dir='ltr'><strong>p.</strong></span> <span class='ocrx_word' id='word_1_97' title='bbox 1259 1436 1334 1515; x_wconf 80' lang='lat' dir='ltr'><strong>ase,</strong></span> 
     </span>
     <span class='ocr_line' id='line_1_11' title="bbox 204 1534 1336 1622; baseline 0.004 -22"><span class='ocrx_word' id='word_1_98' title='bbox 204 1534 238 1618; x_wconf 77' lang='lat'><strong>3)</strong></span> <span class='ocrx_word' id='word_1_99' title='bbox 261 1535 345 1602; x_wconf 82' lang='lat' dir='ltr'><strong>inite</strong></span> <span class='ocrx_word' id='word_1_100' title='bbox 373 1539 563 1620; x_wconf 77' lang='lat' dir='ltr'><strong>postremam</strong></span> <span class='ocrx_word' id='word_1_101' title='bbox 591 1536 706 1603; x_wconf 85' lang='lat' dir='ltr'><strong>lineam</strong></span> <span class='ocrx_word' id='word_1_102' title='bbox 734 1538 845 1620; x_wconf 77' lang='lat' dir='ltr'><strong>utpote</strong></span> <span class='ocrx_word' id='word_1_103' title='bbox 869 1556 904 1603; x_wconf 82' lang='lat' dir='ltr'><strong>ex</strong></span> <span class='ocrx_word' id='word_1_104' title='bbox 929 1541 1031 1620; x_wconf 92' lang='lat' dir='ltr'><strong>primo</strong></span> <span class='ocrx_word' id='word_1_105' title='bbox 1054 1539 1185 1622; x_wconf 84' lang='lat' dir='ltr'>proximi</span> <span class='ocrx_word' id='word_1_106' title='bbox 1207 1539 1336 1621; x_wconf 82' lang='lat' dir='ltr'><strong>quetor-</strong></span> 
     </span>
     <span class='ocr_line' id='line_1_12' title="bbox 151 1637 1332 1727; baseline 0.003 -23"><span class='ocrx_word' id='word_1_107' title='bbox 151 1637 171 1704; x_wconf 89' lang='lat' dir='ltr'>b</span> <span class='ocrx_word' id='word_1_108' title='bbox 204 1639 305 1706; x_wconf 91' lang='lat' dir='ltr'><strong>nionis</strong></span> <span class='ocrx_word' id='word_1_109' title='bbox 320 1658 412 1705; x_wconf 87' lang='lat' dir='ltr'><strong>uersu</strong></span> <span class='ocrx_word' id='word_1_110' title='bbox 427 1641 590 1722; x_wconf 80' lang='lat' dir='ltr'><strong>praesepta</strong></span> <span class='ocrx_word' id='word_1_111' title='bbox 604 1641 753 1706; x_wconf 80' lang='lat' dir='ltr'><strong>indicant.</strong></span> <span class='ocrx_word' id='word_1_112' title='bbox 777 1643 810 1706; x_wconf 91' lang='lat' dir='ltr'><strong>in</strong></span> <span class='ocrx_word' id='word_1_113' title='bbox 826 1640 1001 1707; x_wconf 88' lang='lat' dir='ltr'><strong>editione</strong></span> <span class='ocrx_word' id='word_1_114' title='bbox 1014 1647 1121 1707; x_wconf 84' lang='lat' dir='ltr'><strong>antem</strong></span> <span class='ocrx_word' id='word_1_115' title='bbox 1137 1645 1332 1727; x_wconf 78' lang='lat' dir='ltr'><strong>principe,</strong></span> 
     </span>
     <span class='ocr_line' id='line_1_13' title="bbox 206 1741 1336 1826; baseline 0.003 -19"><span class='ocrx_word' id='word_1_116' title='bbox 206 1744 261 1824; x_wconf 91' lang='lat'><strong>(=</strong></span> <span class='ocrx_word' id='word_1_117' title='bbox 276 1743 309 1824; x_wconf 92' lang='lat' dir='ltr'><strong>b)</strong></span> <span class='ocrx_word' id='word_1_118' title='bbox 335 1761 414 1826; x_wconf 84' lang='lat' dir='ltr'><strong>quae</strong></span> <span class='ocrx_word' id='word_1_119' title='bbox 443 1744 477 1809; x_wconf 89' lang='lat' dir='ltr'><strong>in</strong></span> <span class='ocrx_word' id='word_1_120' title='bbox 505 1741 667 1809; x_wconf 87' lang='lat' dir='ltr'><strong>uolumine</strong></span> <span class='ocrx_word' id='word_1_121' title='bbox 691 1743 902 1808; x_wconf 75' lang='lat' dir='ltr'><strong>Monwneoto</strong></span> <span class='ocrx_word' id='word_1_122' title='bbox 923 1743 956 1809; x_wconf 79' lang='lat' dir='ltr'><strong>S.</strong></span> <span class='ocrx_word' id='word_1_123' title='bbox 980 1743 1118 1809; x_wconf 70' lang='lat' dir='ltr'><strong>Patrem</strong></span> <span class='ocrx_word' id='word_1_124' title='bbox 1141 1743 1336 1810; x_wconf 73' lang='lat' dir='ltr'><strong>orthodoxo·</strong></span> 
     </span>
     <span class='ocr_line' id='line_1_14' title="bbox 200 1843 1338 1930; baseline 0.004 -22"><span class='ocrx_word' id='word_1_125' title='bbox 200 1844 329 1930; x_wconf 74' lang='lat' dir='ltr'><strong>9ropto</strong></span> <span class='ocrx_word' id='word_1_126' title='bbox 350 1844 405 1910; x_wconf 78' lang='lat' dir='ltr'><strong>hoe</strong></span> <span class='ocrx_word' id='word_1_127' title='bbox 427 1849 471 1909; x_wconf 84' lang='lat' dir='ltr'><strong>est</strong></span> <span class='ocrx_word' id='word_1_128' title='bbox 495 1843 679 1928; x_wconf 79' lang='lat' dir='ltr'><strong>Tioeolopo&#39;oo</strong></span> <span class='ocrx_word' id='word_1_129' title='bbox 699 1865 810 1911; x_wconf 64' lang='lat' dir='ltr'><strong>samoe</strong></span> <span class='ocrx_word' id='word_1_130' title='bbox 830 1865 870 1912; x_wconf 86' lang='lat' dir='ltr'><strong>oo</strong></span> <span class='ocrx_word' id='word_1_131' title='bbox 890 1847 1081 1930; x_wconf 58' lang='lat' dir='ltr'><strong>marmoris</strong></span> <span class='ocrx_word' id='word_1_132' title='bbox 1100 1847 1174 1930; x_wconf 73' lang='lat' dir='ltr'><strong>fidet</strong></span> <span class='ocrx_word' id='word_1_133' title='bbox 1188 1846 1338 1914; x_wconf 68' lang='lat' dir='ltr'><strong>Dauom</strong></span> 
     </span>
     <span class='ocr_line' id='line_1_15' title="bbox 172 1948 1335 2034; baseline 0.002 -19"><span class='ocrx_word' id='word_1_134' title='bbox 172 1983 175 1992; x_wconf 66' lang='lat'>=</span> <span class='ocrx_word' id='word_1_135' title='bbox 203 1967 333 2015; x_wconf 78' lang='lat' dir='ltr'><strong>numero</strong></span> <span class='ocrx_word' id='word_1_136' title='bbox 354 1948 481 2015; x_wconf 78' lang='lat' dir='ltr'><strong>otreitor</strong></span> <span class='ocrx_word' id='word_1_137' title='bbox 501 1948 662 2016; x_wconf 82' lang='lat' dir='ltr'><strong><em>LXXXV</em></strong></span> <span class='ocrx_word' id='word_1_138' title='bbox 679 1955 738 2018; x_wconf 79' lang='lat' dir='ltr'><strong>eto</strong></span> <span class='ocrx_word' id='word_1_139' title='bbox 758 1950 907 2034; x_wconf 78' lang='lat' dir='ltr'><strong>inscripto</strong></span> <span class='ocrx_word' id='word_1_140' title='bbox 930 1954 963 2016; x_wconf 89' lang='lat' dir='ltr'><strong>et</strong></span> <span class='ocrx_word' id='word_1_141' title='bbox 984 1950 1128 2022; x_wconf 83' lang='lat' dir='ltr'><strong>Bosiieae</strong></span> <span class='ocrx_word' id='word_1_142' title='bbox 1150 1969 1231 2016; x_wconf 82' lang='lat' dir='ltr'><strong>anno</strong></span> <span class='ocrx_word' id='word_1_143' title='bbox 1251 1952 1335 2018; x_wconf 83' lang='lat'>1569</span> 
     </span>
     <span class='ocr_line' id='line_1_16' title="bbox 202 2049 1337 2138; baseline 0.001 -20"><span class='ocrx_word' id='word_1_144' title='bbox 202 2049 355 2136; x_wconf 85' lang='lat' dir='ltr'><strong>impresso</strong></span> <span class='ocrx_word' id='word_1_145' title='bbox 388 2053 469 2117; x_wconf 88' lang='lat' dir='ltr'><strong>inter</strong></span> <span class='ocrx_word' id='word_1_146' title='bbox 500 2051 668 2135; x_wconf 81' lang='lat' dir='ltr'><strong>Epistotos</strong></span> <span class='ocrx_word' id='word_1_147' title='bbox 707 2051 1080 2137; x_wconf 72' lang='lat' dir='ltr'><strong>Orttodoeoproptorom</strong></span> <span class='ocrx_word' id='word_1_148' title='bbox 1111 2054 1337 2138; x_wconf 66' lang='lat' dir='ltr'><strong>Timoleporum</strong></span> 
     </span>
     <span class='ocr_line' id='line_1_17' title="bbox 203 2155 1337 2243; baseline 0.004 -22"><span class='ocrx_word' id='word_1_149' title='bbox 203 2155 396 2221; x_wconf 80' lang='lat' dir='ltr'><strong>Latinorum</strong></span> <span class='ocrx_word' id='word_1_150' title='bbox 433 2156 505 2239; x_wconf 89' lang='lat' dir='ltr'><strong>post</strong></span> <span class='ocrx_word' id='word_1_151' title='bbox 540 2156 647 2224; x_wconf 91' lang='lat' dir='ltr'><strong>Pontii</strong></span> <span class='ocrx_word' id='word_1_152' title='bbox 682 2156 809 2224; x_wconf 88' lang='lat' dir='ltr'><strong>Paulini</strong></span> <span class='ocrx_word' id='word_1_153' title='bbox 845 2157 1080 2243; x_wconf 72' lang='lat' dir='ltr'><strong>Epigrammata</strong></span> <span class='ocrx_word' id='word_1_154' title='bbox 1110 2177 1140 2242; x_wconf 92' lang='lat' dir='ltr'><strong>p.</strong></span> <span class='ocrx_word' id='word_1_155' title='bbox 1163 2159 1337 2226; x_wconf 71' lang='lat' dir='ltr'><strong>eos-480</strong></span> 
     </span>
     <span class='ocr_line' id='line_1_18' title="bbox 203 2260 1333 2344; baseline 0.002 -18"><span class='ocrx_word' id='word_1_156' title='bbox 203 2260 391 2340; x_wconf 79' lang='lat' dir='ltr'><strong>continetur,</strong></span> <span class='ocrx_word' id='word_1_157' title='bbox 419 2263 503 2343; x_wconf 91' lang='lat' dir='ltr'><strong>prior</strong></span> <span class='ocrx_word' id='word_1_158' title='bbox 528 2261 586 2328; x_wconf 85' lang='lat' dir='ltr'><strong>illa</strong></span> <span class='ocrx_word' id='word_1_159' title='bbox 613 2261 723 2328; x_wconf 87' lang='lat' dir='ltr'><strong>laouna</strong></span> <span class='ocrx_word' id='word_1_160' title='bbox 746 2279 806 2328; x_wconf 93' lang='lat' dir='ltr'><strong>non</strong></span> <span class='ocrx_word' id='word_1_161' title='bbox 828 2261 972 2344; x_wconf 86' lang='lat' dir='ltr'><strong>suppleta</strong></span> <span class='ocrx_word' id='word_1_162' title='bbox 994 2263 1051 2340; x_wconf 85' lang='lat' dir='ltr'><strong>ost,</strong></span> <span class='ocrx_word' id='word_1_163' title='bbox 1074 2281 1146 2328; x_wconf 88' lang='lat' dir='ltr'><strong>oum</strong></span> <span class='ocrx_word' id='word_1_164' title='bbox 1168 2261 1254 2328; x_wconf 92' lang='lat' dir='ltr'><strong>nullo</strong></span> <span class='ocrx_word' id='word_1_165' title='bbox 1278 2261 1333 2328; x_wconf 83' lang='lat' dir='ltr'><strong>(te-</strong></span> 
     </span>
     <span class='ocr_line' id='line_1_19' title="bbox 202 2363 1336 2449; baseline 0.002 -21"><span class='ocrx_word' id='word_1_166' title='bbox 202 2364 303 2428; x_wconf 85' lang='lat' dir='ltr'><strong>feotus</strong></span> <span class='ocrx_word' id='word_1_167' title='bbox 326 2364 442 2430; x_wconf 86' lang='lat' dir='ltr'><strong>indioio</strong></span> <span class='ocrx_word' id='word_1_168' title='bbox 464 2363 562 2430; x_wconf 86' lang='lat' dir='ltr'><strong>uerba</strong></span> <span class='ocrx_word' id='word_1_169' title='bbox 584 2363 627 2430; x_wconf 91' lang='lat' dir='ltr'><strong>ibi</strong></span> <span class='ocrx_word' id='word_1_170' title='bbox 650 2384 679 2448; x_wconf 91' lang='lat' dir='ltr'><strong>p.</strong></span> <span class='ocrx_word' id='word_1_171' title='bbox 700 2364 775 2448; x_wconf 83' lang='lat'>338,</span> <span class='ocrx_word' id='word_1_172' title='bbox 798 2364 874 2430; x_wconf 78' lang='lat'><strong>2111</strong></span> <span class='ocrx_word' id='word_1_173' title='bbox 899 2365 971 2431; x_wconf 85' lang='lat' dir='ltr'><strong>Vita</strong></span> <span class='ocrx_word' id='word_1_174' title='bbox 992 2365 1161 2449; x_wconf 82' lang='lat' dir='ltr'><strong>Epiphanii</strong></span> <span class='ocrx_word' id='word_1_175' title='bbox 1182 2365 1336 2448; x_wconf 70' lang='lat' dir='ltr'><strong>indeptae</strong></span> 
     </span>
     <span class='ocr_line' id='line_1_20' title="bbox 203 2467 1335 2552; baseline 0.003 -22"><span class='ocrx_word' id='word_1_176' title='bbox 203 2467 340 2532; x_wconf 66' lang='lat' dir='ltr'><strong>connita</strong></span> <span class='ocrx_word' id='word_1_177' title='bbox 371 2467 540 2534; x_wconf 64' lang='lat' dir='ltr'><strong>motem</strong></span> <span class='ocrx_word' id='word_1_178' title='bbox 571 2467 787 2552; x_wconf 71' lang='lat' dir='ltr'><strong>dionationem</strong></span> <span class='ocrx_word' id='word_1_179' title='bbox 823 2468 1000 2551; x_wconf 63' lang='lat' dir='ltr'><strong>(memorat,</strong></span> <span class='ocrx_word' id='word_1_180' title='bbox 1021 2468 1239 2552; x_wconf 68' lang='lat' dir='ltr'><strong>eliquationem</strong></span> <span class='ocrx_word' id='word_1_181' title='bbox 1260 2471 1335 2534; x_wconf 87' lang='lat' dir='ltr'><strong>sunt</strong></span> 
     </span>
     <span class='ocr_line' id='line_1_21' title="bbox 202 2569 1336 2656; baseline 0.001 -21"><span class='ocrx_word' id='word_1_182' title='bbox 202 2571 302 2652; x_wconf 80' lang='lat' dir='ltr'><strong>Epist.</strong></span> <span class='ocrx_word' id='word_1_183' title='bbox 327 2571 374 2636; x_wconf 92' lang='lat' dir='ltr'><strong>III</strong></span> <span class='ocrx_word' id='word_1_184' title='bbox 399 2572 439 2636; x_wconf 90' lang='lat'><strong>18</strong></span> <span class='ocrx_word' id='word_1_185' title='bbox 462 2581 500 2653; x_wconf 83' lang='lat' dir='ltr'><strong>p.</strong></span> <span class='ocrx_word' id='word_1_186' title='bbox 515 2569 566 2649; x_wconf 84' lang='lat'><strong>85,</strong></span> <span class='ocrx_word' id='word_1_187' title='bbox 592 2572 644 2654; x_wconf 89' lang='grc'><strong>19)</strong></span> <span class='ocrx_word' id='word_1_188' title='bbox 670 2571 826 2656; x_wconf 80' lang='lat' dir='ltr'><strong>legantur.</strong></span> <span class='ocrx_word' id='word_1_189' title='bbox 858 2572 958 2637; x_wconf 85' lang='lat' dir='ltr'><strong>altera</strong></span> <span class='ocrx_word' id='word_1_190' title='bbox 988 2589 1060 2636; x_wconf 89' lang='lat' dir='ltr'><strong>nero</strong></span> <span class='ocrx_word' id='word_1_191' title='bbox 1082 2571 1196 2638; x_wconf 83' lang='lat' dir='ltr'><strong>lacuna</strong></span> <span class='ocrx_word' id='word_1_192' title='bbox 1217 2569 1336 2637; x_wconf 77' lang='lat' dir='ltr'><strong>oodioIs</strong></span> 
     </span>
     <span class='ocr_line' id='line_1_22' title="bbox 202 2671 1337 2758; baseline 0.003 -21"><span class='ocrx_word' id='word_1_193' title='bbox 202 2671 453 2741; x_wconf 77' lang='lat' dir='ltr'><strong>vindobonensis</strong></span> <span class='ocrx_word' id='word_1_194' title='bbox 487 2678 559 2742; x_wconf 88' lang='lat' dir='ltr'><strong>inde</strong></span> <span class='ocrx_word' id='word_1_195' title='bbox 591 2677 629 2741; x_wconf 90' lang='lat' dir='ltr'><strong>ab</strong></span> <span class='ocrx_word' id='word_1_196' title='bbox 658 2673 773 2757; x_wconf 88' lang='lat' dir='ltr'><strong>Opuse.</strong></span> <span class='ocrx_word' id='word_1_197' title='bbox 802 2675 819 2738; x_wconf 94' lang='grc' dir='ltr'>Ι</span> <span class='ocrx_word' id='word_1_198' title='bbox 851 2692 947 2758; x_wconf 87' lang='lat' dir='ltr'><strong>usque</strong></span> <span class='ocrx_word' id='word_1_199' title='bbox 980 2675 1020 2740; x_wconf 87' lang='lat' dir='ltr'><strong>ad</strong></span> <span class='ocrx_word' id='word_1_200' title='bbox 1050 2674 1147 2758; x_wconf 77' lang='lat' dir='ltr'><strong>Epist.</strong></span> <span class='ocrx_word' id='word_1_201' title='bbox 1170 2674 1251 2740; x_wconf 88' lang='lat' dir='ltr'>VIII</span> <span class='ocrx_word' id='word_1_202' title='bbox 1273 2673 1337 2740; x_wconf 77' lang='grc' dir='ltr'><strong>2ο</strong></span> 
     </span>
     <span class='ocr_line' id='line_1_23' title="bbox 202 2776 1336 2861; baseline 0 -19"><span class='ocrx_word' id='word_1_203' title='bbox 202 2776 429 2845; x_wconf 87' lang='lat' dir='ltr'><strong>Basileansibus</strong></span> <span class='ocrx_word' id='word_1_204' title='bbox 452 2798 487 2843; x_wconf 82' lang='lat' dir='ltr'><strong>ex</strong></span> <span class='ocrx_word' id='word_1_205' title='bbox 505 2778 610 2843; x_wconf 81' lang='lat' dir='ltr'><strong>codiee</strong></span> <span class='ocrx_word' id='word_1_206' title='bbox 624 2778 652 2842; x_wconf 95' lang='lat' dir='ltr'><strong>B</strong></span> <span class='ocrx_word' id='word_1_207' title='bbox 667 2777 812 2861; x_wconf 87' lang='lat' dir='ltr'><strong>suppleta</strong></span> <span class='ocrx_word' id='word_1_208' title='bbox 826 2779 883 2842; x_wconf 86' lang='lat' dir='ltr'><strong>est.</strong></span> <span class='ocrx_word' id='word_1_209' title='bbox 906 2782 999 2860; x_wconf 85' lang='lat' dir='ltr'><strong>atque</strong></span> <span class='ocrx_word' id='word_1_210' title='bbox 1014 2777 1107 2843; x_wconf 88' lang='lat' dir='ltr'><strong>hodie</strong></span> <span class='ocrx_word' id='word_1_211' title='bbox 1122 2777 1220 2842; x_wconf 87' lang='lat' dir='ltr'><strong>etiam</strong></span> <span class='ocrx_word' id='word_1_212' title='bbox 1236 2777 1336 2843; x_wconf 89' lang='lat' dir='ltr'><strong>eodioi</strong></span> 
     </span>
     <span class='ocr_line' id='line_1_24' title="bbox 202 2880 1335 2964; baseline 0 -18"><span class='ocrx_word' id='word_1_213' title='bbox 202 2880 320 2964; x_wconf 92' lang='lat' dir='ltr'><strong>optimo</strong></span> <span class='ocrx_word' id='word_1_214' title='bbox 351 2880 444 2948; x_wconf 90' lang='lat' dir='ltr'><strong>huius</strong></span> <span class='ocrx_word' id='word_1_215' title='bbox 477 2880 673 2948; x_wconf 76' lang='lat' dir='ltr'><strong>tractationis</strong></span> <span class='ocrx_word' id='word_1_216' title='bbox 707 2881 824 2947; x_wconf 81' lang='lat' dir='ltr'><strong>indicis</strong></span> <span class='ocrx_word' id='word_1_217' title='bbox 856 2881 1020 2948; x_wconf 84' lang='lat' dir='ltr'><strong>adhaerere</strong></span> <span class='ocrx_word' id='word_1_218' title='bbox 1056 2881 1233 2947; x_wconf 79' lang='lat' dir='ltr'><strong>certissima</strong></span> <span class='ocrx_word' id='word_1_219' title='bbox 1270 2883 1335 2948; x_wconf 83' lang='lat' dir='ltr'><strong>iem</strong></span> 
     </span>
     <span class='ocr_line' id='line_1_25' title="bbox 202 2983 1337 3068; baseline 0 -18"><span class='ocrx_word' id='word_1_220' title='bbox 202 2986 317 3050; x_wconf 90' lang='lat' dir='ltr'><strong>monui.</strong></span> <span class='ocrx_word' id='word_1_221' title='bbox 349 2989 468 3068; x_wconf 85' lang='lat' dir='ltr'><strong>quanta</strong></span> <span class='ocrx_word' id='word_1_222' title='bbox 490 2987 595 3050; x_wconf 82' lang='lat' dir='ltr'><strong>nutem</strong></span> <span class='ocrx_word' id='word_1_223' title='bbox 616 2985 737 3050; x_wconf 84' lang='lat' dir='ltr'><strong>incuria</strong></span> <span class='ocrx_word' id='word_1_224' title='bbox 763 2984 828 3051; x_wconf 87' lang='lat' dir='ltr'><strong>suis</strong></span> <span class='ocrx_word' id='word_1_225' title='bbox 851 2984 942 3051; x_wconf 88' lang='lat' dir='ltr'><strong>libris</strong></span> <span class='ocrx_word' id='word_1_226' title='bbox 970 2983 1166 3050; x_wconf 87' lang='lat' dir='ltr'><strong>Basileenses</strong></span> <span class='ocrx_word' id='word_1_227' title='bbox 1195 2984 1243 3049; x_wconf 88' lang='lat' dir='ltr'><strong>usi</strong></span> <span class='ocrx_word' id='word_1_228' title='bbox 1271 2985 1337 3050; x_wconf 88' lang='lat' dir='ltr'><strong>sint</strong></span> 
     </span>
     <span class='ocr_line' id='line_1_26' title="bbox 202 3088 1336 3172; baseline 0.002 -20"><span class='ocrx_word' id='word_1_229' title='bbox 202 3092 235 3152; x_wconf 92' lang='lat' dir='ltr'><strong>et</strong></span> <span class='ocrx_word' id='word_1_230' title='bbox 262 3089 321 3154; x_wconf 88' lang='lat' dir='ltr'><strong>hao</strong></span> <span class='ocrx_word' id='word_1_231' title='bbox 349 3106 382 3152; x_wconf 87' lang='lat' dir='ltr'><strong>re</strong></span> <span class='ocrx_word' id='word_1_232' title='bbox 412 3091 445 3154; x_wconf 91' lang='lat' dir='ltr'><strong>st</strong></span> <span class='ocrx_word' id='word_1_233' title='bbox 472 3091 539 3154; x_wconf 87' lang='lat' dir='ltr'><strong>tota</strong></span> <span class='ocrx_word' id='word_1_234' title='bbox 565 3088 742 3154; x_wconf 78' lang='lat' dir='ltr'><strong>recensione</strong></span> <span class='ocrx_word' id='word_1_235' title='bbox 774 3089 972 3166; x_wconf 86' lang='lat' dir='ltr'><strong>inlustratur,</strong></span> <span class='ocrx_word' id='word_1_236' title='bbox 1002 3107 1075 3153; x_wconf 85' lang='lat' dir='ltr'><strong>eum</strong></span> <span class='ocrx_word' id='word_1_237' title='bbox 1104 3106 1201 3172; x_wconf 83' lang='lat' dir='ltr'><strong>noque</strong></span> <span class='ocrx_word' id='word_1_238' title='bbox 1229 3088 1336 3154; x_wconf 82' lang='lat' dir='ltr'><strong>omnia</strong></span> 
     </span>
     <span class='ocr_line' id='line_1_27' title="bbox 202 3188 1335 3275; baseline -0.003 -18"><span class='ocrx_word' id='word_1_239' title='bbox 202 3209 282 3274; x_wconf 85' lang='lat' dir='ltr'><strong>quae</strong></span> <span class='ocrx_word' id='word_1_240' title='bbox 310 3191 460 3256; x_wconf 81' lang='lat' dir='ltr'><strong>alteruter</strong></span> <span class='ocrx_word' id='word_1_241' title='bbox 487 3192 572 3257; x_wconf 89' lang='lat' dir='ltr'><strong>solus</strong></span> <span class='ocrx_word' id='word_1_242' title='bbox 602 3191 823 3275; x_wconf 85' lang='lat' dir='ltr'><strong>suppeditabat</strong></span> <span class='ocrx_word' id='word_1_243' title='bbox 851 3194 889 3258; x_wconf 83' lang='lat' dir='ltr'><strong>ad</strong></span> <span class='ocrx_word' id='word_1_244' title='bbox 917 3191 1015 3256; x_wconf 90' lang='lat' dir='ltr'><strong>totius</strong></span> <span class='ocrx_word' id='word_1_245' title='bbox 1045 3191 1179 3274; x_wconf 88' lang='lat' dir='ltr'><strong>eorporis</strong></span> <span class='ocrx_word' id='word_1_246' title='bbox 1202 3188 1335 3274; x_wconf 81' lang='lat' dir='ltr'><strong>integri·</strong></span> 
     </span>
     <span class='ocr_line' id='line_1_28' title="bbox 202 3292 1335 3362; baseline 0 -4"><span class='ocrx_word' id='word_1_247' title='bbox 202 3293 302 3358; x_wconf 86' lang='lat' dir='ltr'><strong>tatem</strong></span> <span class='ocrx_word' id='word_1_248' title='bbox 333 3295 557 3362; x_wconf 84' lang='lat' dir='ltr'><strong>restituendam</strong></span> <span class='ocrx_word' id='word_1_249' title='bbox 591 3295 775 3361; x_wconf 82' lang='lat' dir='ltr'><strong>adhiberent</strong></span> <span class='ocrx_word' id='word_1_250' title='bbox 803 3297 836 3360; x_wconf 88' lang='lat' dir='ltr'><strong>et</strong></span> <span class='ocrx_word' id='word_1_251' title='bbox 863 3295 894 3360; x_wconf 93' lang='lat' dir='ltr'><strong>in</strong></span> <span class='ocrx_word' id='word_1_252' title='bbox 927 3295 1128 3361; x_wconf 88' lang='lat' dir='ltr'><strong>emendandis</strong></span> <span class='ocrx_word' id='word_1_253' title='bbox 1155 3292 1259 3359; x_wconf 89' lang='lat' dir='ltr'><strong>uerbis</strong></span> <span class='ocrx_word' id='word_1_254' title='bbox 1282 3292 1335 3358; x_wconf 92' lang='lat' dir='ltr'><strong>nei</strong></span> 
     </span>
     <span class='ocr_line' id='line_1_29' title="bbox 202 3396 1335 3481; baseline -0.001 -19"><span class='ocrx_word' id='word_1_255' title='bbox 202 3396 444 3480; x_wconf 79' lang='lat' dir='ltr'><strong>corruptissimis</strong></span> <span class='ocrx_word' id='word_1_256' title='bbox 466 3397 595 3465; x_wconf 87' lang='lat' dir='ltr'><strong>oonsilio</strong></span> <span class='ocrx_word' id='word_1_257' title='bbox 618 3400 650 3464; x_wconf 90' lang='lat' dir='ltr'><strong>et</strong></span> <span class='ocrx_word' id='word_1_258' title='bbox 671 3397 791 3464; x_wconf 88' lang='lat' dir='ltr'><strong>ratione</strong></span> <span class='ocrx_word' id='word_1_259' title='bbox 813 3399 983 3481; x_wconf 87' lang='lat' dir='ltr'><strong>utrumque</strong></span> <span class='ocrx_word' id='word_1_260' title='bbox 1004 3397 1037 3465; x_wconf 93' lang='lat' dir='ltr'><strong>in</strong></span> <span class='ocrx_word' id='word_1_261' title='bbox 1052 3397 1202 3465; x_wconf 81' lang='lat' dir='ltr'><strong>auxilium</strong></span> <span class='ocrx_word' id='word_1_262' title='bbox 1225 3415 1335 3462; x_wconf 71' lang='lat' dir='ltr'><strong>uocare</strong></span> 
     </span>
     <span class='ocr_line' id='line_1_30' title="bbox 202 3499 1334 3586; baseline -0.001 -21"><span class='ocrx_word' id='word_1_263' title='bbox 202 3501 446 3582; x_wconf 86' lang='lat' dir='ltr'><strong>supersederent.</strong></span> <span class='ocrx_word' id='word_1_264' title='bbox 481 3501 593 3568; x_wconf 87' lang='lat' dir='ltr'><strong>melius</strong></span> <span class='ocrx_word' id='word_1_265' title='bbox 623 3501 718 3568; x_wconf 86' lang='lat' dir='ltr'><strong>etiam</strong></span> <span class='ocrx_word' id='word_1_266' title='bbox 739 3502 775 3567; x_wconf 91' lang='lat' dir='ltr'><strong>in</strong></span> <span class='ocrx_word' id='word_1_267' title='bbox 797 3500 935 3586; x_wconf 78' lang='lat' dir='ltr'><strong>scriptis,</strong></span> <span class='ocrx_word' id='word_1_268' title='bbox 964 3518 1043 3585; x_wconf 83' lang='lat' dir='ltr'><strong>quae</strong></span> <span class='ocrx_word' id='word_1_269' title='bbox 1066 3499 1165 3566; x_wconf 86' lang='lat' dir='ltr'><strong>oodiei</strong></span> <span class='ocrx_word' id='word_1_270' title='bbox 1187 3499 1215 3565; x_wconf 91' lang='lat' dir='ltr'><strong>B</strong></span> <span class='ocrx_word' id='word_1_271' title='bbox 1239 3499 1334 3565; x_wconf 89' lang='lat' dir='ltr'><strong>dobe-</strong></span> 
     </span>
     <span class='ocr_line' id='line_1_31' title="bbox 202 3601 1334 3690; baseline -0.005 -19"><span class='ocrx_word' id='word_1_272' title='bbox 202 3605 327 3680; x_wconf 75' lang='lat' dir='ltr'><strong>uantur,</strong></span> <span class='ocrx_word' id='word_1_273' title='bbox 351 3605 404 3688; x_wconf 89' lang='lat' dir='ltr'><strong>qui</strong></span> <span class='ocrx_word' id='word_1_274' title='bbox 419 3604 522 3671; x_wconf 89' lang='lat' dir='ltr'><strong>nullas</strong></span> <span class='ocrx_word' id='word_1_275' title='bbox 538 3605 601 3670; x_wconf 85' lang='lat' dir='ltr'><strong>fere</strong></span> <span class='ocrx_word' id='word_1_276' title='bbox 615 3605 732 3690; x_wconf 81' lang='lat' dir='ltr'><strong>legonti</strong></span> <span class='ocrx_word' id='word_1_277' title='bbox 749 3605 949 3670; x_wconf 85' lang='lat' dir='ltr'><strong>difficultates</strong></span> <span class='ocrx_word' id='word_1_278' title='bbox 964 3603 1093 3686; x_wconf 85' lang='lat' dir='ltr'><strong>praebet</strong></span> <span class='ocrx_word' id='word_1_279' title='bbox 1107 3608 1140 3669; x_wconf 92' lang='lat' dir='ltr'><strong>et</strong></span> <span class='ocrx_word' id='word_1_280' title='bbox 1154 3621 1213 3668; x_wconf 90' lang='lat' dir='ltr'><strong>usu</strong></span> <span class='ocrx_word' id='word_1_281' title='bbox 1228 3601 1334 3667; x_wconf 91' lang='lat' dir='ltr'><strong>ortho-</strong></span> 
     </span>
     <span class='ocr_line' id='line_1_32' title="bbox 201 3705 1333 3792; baseline -0.004 -20"><span class='ocrx_word' id='word_1_282' title='bbox 201 3706 351 3791; x_wconf 83' lang='lat' dir='ltr'><strong>graphioo</strong></span> <span class='ocrx_word' id='word_1_283' title='bbox 379 3709 475 3774; x_wconf 89' lang='lat' dir='ltr'><strong>semel</strong></span> <span class='ocrx_word' id='word_1_284' title='bbox 505 3707 664 3775; x_wconf 80' lang='lat' dir='ltr'><strong>intellecto</strong></span> <span class='ocrx_word' id='word_1_285' title='bbox 693 3708 780 3774; x_wconf 92' lang='lat' dir='ltr'><strong>nullo</strong></span> <span class='ocrx_word' id='word_1_286' title='bbox 803 3709 926 3792; x_wconf 84' lang='lat' dir='ltr'><strong>negotio</strong></span> <span class='ocrx_word' id='word_1_287' title='bbox 954 3708 1124 3774; x_wconf 89' lang='lat' dir='ltr'><strong>leuioribus</strong></span> <span class='ocrx_word' id='word_1_288' title='bbox 1148 3705 1333 3788; x_wconf 87' lang='lat' dir='ltr'><strong>oorrupteiis</strong></span> 
     </span>
     <span class='ocr_line' id='line_1_33' title="bbox 201 3808 1334 3896; baseline -0.002 -20"><span class='ocrx_word' id='word_1_289' title='bbox 201 3811 329 3896; x_wconf 82' lang='lat' dir='ltr'><strong>purgari</strong></span> <span class='ocrx_word' id='word_1_290' title='bbox 351 3811 489 3892; x_wconf 81' lang='lat' dir='ltr'><strong>poterat,</strong></span> <span class='ocrx_word' id='word_1_291' title='bbox 519 3830 567 3877; x_wconf 90' lang='lat' dir='ltr'><strong>res</strong></span> <span class='ocrx_word' id='word_1_292' title='bbox 595 3811 762 3890; x_wconf 72' lang='lat' dir='ltr'><strong>anomoeis,</strong></span> <span class='ocrx_word' id='word_1_293' title='bbox 792 3811 936 3894; x_wconf 87' lang='lat' dir='ltr'><strong>quamuis</strong></span> <span class='ocrx_word' id='word_1_294' title='bbox 962 3811 1177 3896; x_wconf 81' lang='lat' dir='ltr'><strong>neglegentiae</strong></span> <span class='ocrx_word' id='word_1_295' title='bbox 1200 3808 1334 3890; x_wconf 82' lang='lat' dir='ltr'><strong>falsique</strong></span> 
     </span>
    </p>
   </div>
   <div class='ocr_carea' id='block_1_3' title="bbox 201 3911 1338 4411">
    <p class='ocr_par' dir='ltr' id='par_1_3' title="bbox 201 3911 1338 4411">
     <span class='ocr_line' id='line_1_34' title="bbox 201 3911 1338 3998; baseline -0.003 -18"><span class='ocrx_word' id='word_1_296' title='bbox 201 3911 308 3980; x_wconf 80' lang='lat' dir='ltr'><strong>iudicii</strong></span> <span class='ocrx_word' id='word_1_297' title='bbox 341 3913 537 3994; x_wconf 87' lang='lat' dir='ltr'><strong>testimonia,</strong></span> <span class='ocrx_word' id='word_1_298' title='bbox 571 3932 703 3997; x_wconf 88' lang='lat' dir='ltr'><strong>quorum</strong></span> <span class='ocrx_word' id='word_1_299' title='bbox 735 3915 907 3998; x_wconf 77' lang='lat' dir='ltr'><strong>specimina</strong></span> <span class='ocrx_word' id='word_1_300' title='bbox 938 3915 1064 3980; x_wconf 88' lang='lat' dir='ltr'><strong>tantum</strong></span> <span class='ocrx_word' id='word_1_301' title='bbox 1093 3912 1127 3979; x_wconf 91' lang='lat' dir='ltr'><strong>in</strong></span> <span class='ocrx_word' id='word_1_302' title='bbox 1157 3911 1338 3978; x_wconf 81' lang='lat' dir='ltr'><strong>adnotatio·</strong></span> 
     </span>
     <span class='ocr_line' id='line_1_35' title="bbox 201 4014 1335 4102; baseline -0.004 -19"><span class='ocrx_word' id='word_1_303' title='bbox 201 4035 273 4083; x_wconf 89' lang='lat' dir='ltr'><strong>nem</strong></span> <span class='ocrx_word' id='word_1_304' title='bbox 302 4017 442 4084; x_wconf 84' lang='lat' dir='ltr'><strong>criticam</strong></span> <span class='ocrx_word' id='word_1_305' title='bbox 472 4019 582 4102; x_wconf 84' lang='lat' dir='ltr'><strong>reespi,</strong></span> <span class='ocrx_word' id='word_1_306' title='bbox 611 4018 733 4084; x_wconf 81' lang='lat' dir='ltr'><strong>abunde</strong></span> <span class='ocrx_word' id='word_1_307' title='bbox 764 4017 895 4083; x_wconf 83' lang='lat' dir='ltr'><strong>exstent.</strong></span> <span class='ocrx_word' id='word_1_308' title='bbox 932 4017 1102 4082; x_wconf 81' lang='lat' dir='ltr'><strong>maximam</strong></span> <span class='ocrx_word' id='word_1_309' title='bbox 1131 4020 1237 4081; x_wconf 82' lang='lat' dir='ltr'><strong>eutem</strong></span> <span class='ocrx_word' id='word_1_310' title='bbox 1258 4014 1335 4080; x_wconf 84' lang='lat' dir='ltr'><strong>uili-</strong></span> 
     </span>
     <span class='ocr_line' id='line_1_36' title="bbox 201 4118 1335 4204; baseline -0.003 -18"><span class='ocrx_word' id='word_1_311' title='bbox 201 4120 341 4204; x_wconf 83' lang='lat' dir='ltr'><strong>gentiam</strong></span> <span class='ocrx_word' id='word_1_312' title='bbox 364 4139 583 4204; x_wconf 88' lang='lat' dir='ltr'><strong>summumque</strong></span> <span class='ocrx_word' id='word_1_313' title='bbox 602 4138 732 4187; x_wconf 88' lang='lat' dir='ltr'><strong>aournen</strong></span> <span class='ocrx_word' id='word_1_314' title='bbox 755 4121 850 4185; x_wconf 84' lang='lat' dir='ltr'><strong>oodsr</strong></span> <span class='ocrx_word' id='word_1_315' title='bbox 865 4119 1113 4185; x_wconf 79' lang='lat' dir='ltr'><strong>vindobonensis</strong></span> <span class='ocrx_word' id='word_1_316' title='bbox 1133 4136 1193 4201; x_wconf 86' lang='lat' dir='ltr'><strong>qno</strong></span> <span class='ocrx_word' id='word_1_317' title='bbox 1215 4118 1335 4202; x_wconf 90' lang='lat' dir='ltr'><strong>prinoi-</strong></span> 
     </span>
     <span class='ocr_line' id='line_1_37' title="bbox 201 4221 1335 4309; baseline -0.002 -21"><span class='ocrx_word' id='word_1_318' title='bbox 201 4223 265 4306; x_wconf 86' lang='lat' dir='ltr'><strong>peli</strong></span> <span class='ocrx_word' id='word_1_319' title='bbox 287 4224 456 4290; x_wconf 88' lang='lat' dir='ltr'><strong>utebantur</strong></span> <span class='ocrx_word' id='word_1_320' title='bbox 470 4223 625 4309; x_wconf 83' lang='lat' dir='ltr'><strong>erigebat.</strong></span> <span class='ocrx_word' id='word_1_321' title='bbox 660 4225 686 4288; x_wconf 91' lang='lat' dir='ltr'><strong>is</strong></span> <span class='ocrx_word' id='word_1_322' title='bbox 710 4222 793 4288; x_wconf 89' lang='lat' dir='ltr'><strong>enim</strong></span> <span class='ocrx_word' id='word_1_323' title='bbox 814 4222 1072 4305; x_wconf 82' lang='lat' dir='ltr'><strong>perneglegenter</strong></span> <span class='ocrx_word' id='word_1_324' title='bbox 1086 4222 1219 4305; x_wconf 87' lang='lat' dir='ltr'><strong>soriptus</strong></span> <span class='ocrx_word' id='word_1_325' title='bbox 1234 4221 1335 4286; x_wconf 84' lang='lat' dir='ltr'><strong>tentis</strong></span> 
     </span>
     <span class='ocr_line' id='line_1_38' title="bbox 203 4325 1330 4411; baseline -0.004 -20"><span class='ocrx_word' id='word_1_326' title='bbox 203 4326 322 4393; x_wconf 86' lang='lat' dir='ltr'><strong>mendis</strong></span> <span class='ocrx_word' id='word_1_327' title='bbox 355 4327 536 4411; x_wconf 83' lang='lat' dir='ltr'><strong>Inquinatns</strong></span> <span class='ocrx_word' id='word_1_328' title='bbox 565 4328 598 4392; x_wconf 94' lang='lat' dir='ltr'><strong>et</strong></span> <span class='ocrx_word' id='word_1_329' title='bbox 625 4329 674 4392; x_wconf 93' lang='lat' dir='ltr'><strong>tot</strong></span> <span class='ocrx_word' id='word_1_330' title='bbox 696 4326 875 4409; x_wconf 82' lang='lat' dir='ltr'><strong>oonpendiis</strong></span> <span class='ocrx_word' id='word_1_331' title='bbox 907 4327 1081 4408; x_wconf 80' lang='lat' dir='ltr'><strong>seripturas</strong></span> <span class='ocrx_word' id='word_1_332' title='bbox 1113 4325 1247 4390; x_wconf 82' lang='lat' dir='ltr'><strong>refertus</strong></span> <span class='ocrx_word' id='word_1_333' title='bbox 1269 4329 1330 4404; x_wconf 88' lang='lat' dir='ltr'><strong>est,</strong></span> 
     </span>
    </p>
   </div>
   <div class='ocr_carea' id='block_1_4' title="bbox 0 0 1472 4934">
    <p class='ocr_par' dir='ltr' id='par_1_4' title="bbox 0 0 1472 4934">
     <span class='ocr_line' id='line_1_39' title="bbox 0 0 1472 4934; baseline 0 1"><span class='ocrx_word' id='word_1_334' title='bbox 0 0 1472 4934; x_wconf 95' lang='lat' dir='ltr'><strong> </strong></span> 
     </span>
    </p>
   </div>
  </div>
 </body>
</html>
