2934 4934
366 433 484 504 Opuac
504 435 541 490 11.
568 433 726 488 Libellus
744 449 802 502 pro
818 398 952 503 synodo.
1161 437 1224 504 291

132 625 210 690 Post
233 625 309 692 baec
331 625 478 691 adseritis
508 625 703 691 aduersarios
731 643 831 709 papae
852 625 986 691 Romani
1008 625 1069 692 dici
1091 645 1153 694 non
1174 629 1227 692 de·

92 728 198 794 buisse
232 729 284 811 qui
317 727 514 811 praedictum
548 727 680 811 prolatis
713 726 919 812 petitionibus
946 728 1154 815 accusabant,
1187 734 1227 797 ad

91 830 276 896 assertionis
304 830 397 894 fidem
427 831 610 914 iungentes,
645 829 727 914 quod
758 848 810 895 eos
830 831 890 895 isto
914 831 1039 897 nomine
1061 837 1227 917 praecepta

90 935 178 1017 regia
204 951 266 998 nou
297 937 475 998 uocassent.
514 951 532 998 o
564 932 705 998 homines
733 933 820 999 omni
847 934 924 997 artis
955 934 1035 1001 lime
1056 937 1227 1019 conpositos

70 1047 121 1103 set
133 1036 268 1102 aminis
280 1036 445 1103 fabrilibus
457 1039 610 1112 excoctos,
628 1036 681 1118 qui
693 1033 769 1122 (od)
781 1035 1055 1120 adstipulationem
1070 1039 1225 1104 dictorum

90 1139 247 1204 desudcta
280 1141 427 1206 munnere
461 1138 651 1204 testimonia.
691 1140 1034 1217 ammusueuerenui
1054 1141 1132 1216 uiri,
1153 1158 1227 1204 sen·

89 1243 227 1310 tentiam
249 1244 450 1321 nostramet,
474 1245 512 1308 ut
536 1241 635 1322 aiunt,
657 1241 691 1307 in
713 1245 815 1325 ipsum
835 1242 963 1325 pedibus
985 1243 1085 1307 imus:
1111 1261 1225 1325 cogno·

89 1344 207 1410 scimus
232 1349 334 1410 erreis
356 1363 436 1428 ques
460 1346 575 1412 dicitis.
606 1345 773 1411 inimioum
786 1348 877 1411 uocet
892 1345 1009 1428 aliquis
1026 1349 1225 1412 coementem

88 1457 118 1513 et
141 1449 266 1530 tragico
281 1449 408 1514 numius
421 1447 564 1531 appellet
578 1448 802 1514 contumeliam
817 1466 879 1513 uon
893 1451 1094 1514 merentem?
1114 1448 1226 1515 debinc

56 1553 292 1618 susubiunotam
308 1553 526 1635 quaestionem
541 1551 699 1616 rhetorica
708 1551 806 1618 fibula
815 1551 1030 1618 momordistis
1046 1551 1224 1635 allegando:

92 1656 202 1720 ‘testis
225 1656 432 1721 est‘Romena
453 1656 572 1740 ciuitas,
595 1656 624 1720 ei
646 1673 756 1720 omnes
778 1654 914 1737 episcopi
937 1673 1029 1720 senes
1050 1656 1083 1720 et
1105 1655 1225 1720 debiles

88 1759 332 1825 conuenerunt''.
356 1777 427 1824 ecoe
446 1759 622 1824 orationem
640 1757 708 1824 ueni
731 1757 837 1822 neruis
860 1759 1017 1823 nitentem
1037 1760 1071 1824 et
1092 1759 1152 1841 ipai
1166 1757 1225 1823 Oe·

88 1863 176 1945 pasio
198 1861 434 1944 praeferendam
457 1863 557 1927 nitore
581 1879 769 1926 sermonum.
801 1879 875 1943 ergo
897 1861 969 1944 quis
992 1879 1026 1928 se
1042 1862 1146 1927 aetate
1167 1880 1224 1927 ua·

88 1967 192 2031 lentes
215 1970 247 2030 et
270 1983 398 2048 nemore
421 1965 584 2031 inbecillos
607 1983 674 2030 esee
704 1967 862 2042 dixerunt,
893 1966 956 2047 ipsi
978 1983 1013 2030 se
1034 1964 1155 2050 ineptos
1176 1964 1225 2028 in·

57 2070 171 2134 suido
200 2085 268 2133 esse
297 2071 469 2146 testantur,
504 2069 654 2151 quoniam
680 2067 894 2134 membrorum
922 2087 956 2132 se
984 2067 1132 2132 dixerunt
1159 2067 1224 2132 iam

88 2172 245 2237 sustinere
281 2173 453 2256 dispendia,
489 2173 623 2237 menime
656 2173 684 2236 si
719 2171 777 2236 boc
807 2171 950 2253 inpotem
982 2170 1224 2236 clementissimi

88 2275 210 2340 domiui
233 2275 360 2342 auribus
384 2277 667 2357 praesumpserunt.
698 2291 754 2340 uos
776 2273 909 2356 putatia
934 2273 975 2340 ab
997 2273 1152 2349 uniuersis
1174 2274 1224 2338 dei

89 2379 307 2461 conspectibus
336 2380 435 2461 pulei,
468 2377 523 2444 illo
546 2381 724 2444 uestrorum
747 2395 833 2444 mors
862 2395 1090 2461 congressuum
1112 2375 1226 2460 ubique

88 2482 247 2550 nemnda
280 2483 428 2553 conlundi
460 2485 493 2546 et
523 2484 606 2563 apud
633 2482 808 2564 principem
835 2481 873 2546 de
902 2482 1088 2558 collectione
1117 2482 1223 2562 ponti·

57 2587 186 2650 sbeum
217 2585 292 2650 alios
322 2585 488 2668 protulisse
517 2601 709 2660 sermonem,
738 2583 798 2650 nisi
822 2601 898 2665 quos
922 2583 1038 2650 aetatis
1060 2583 1224 2648 maturitas

194 2799 227 2858 12
244 2797 279 2851 cf.
298 2796 353 2854 (lio.
371 2796 449 2853 Brut.
469 2795 529 2853 idi.
548 2812 573 2866 p.
592 2794 717 2851 Cluentio
736 2795 779 2863 bl.
813 2810 816 2815 ⁴

139 2997 156 3050 1
182 2991 312 3048 adserstis
335 2992 376 3052 Β,
405 2991 588 3056 adsentiens,
614 2989 733 3044 absentis
757 2990 830 3054 Rau,
857 2989 1011 3044 absenteac
1114 3004 1224 3045 romano

88 3082 124 3144 R,
152 3094 279 3135 romanae
297 3078 334 3143 A,
362 3078 471 3132 numani
489 3079 518 3145 (u
535 3078 609 3132 inter
625 3075 799 3130 scribendum
815 3076 846 3128 a'a
863 3091 879 3129 o
896 3080 979 3142 corr.)
997 3076 1024 3130 L
1127 3091 1181 3128 non
1202 3075 1226 3130 T

89 3170 119 3220 ia
137 3181 193 3220 raa.
292 3165 309 3218 2
327 3161 500 3234 accusabant]
518 3161 583 3219 add.
601 3161 656 3217 AR
673 3167 698 3216 at
715 3178 752 3227 m,
769 3161 843 3216 ιιιιᾶε
860 3162 986 3216 Sobottae
1003 3161 1109 3215 beced:
1136 3159 1225 3215 dolose

89 3252 218 3306 uidelicet
236 3250 284 3304 hoc
303 3251 413 3320 egentes
431 3264 462 3302 eo
482 3248 553 3318 quod
571 3249 736 3304 aduersarios
755 3251 943 3317 suspectosque
954 3249 1174 3318 (suspsotoequae
1185 3247 1224 3314 R)

90 3353 155 3391 cena
172 3347 252 3404 (cana
269 3351 319 3390 osu.
342 3339 379 3399 m)
398 3327 526 3390 canonica
544 3335 716 3404 synodalibus
733 3334 867 3388 clamante
883 3335 912 3386 in
932 3333 1225 3387 decretie'audtoritste

89 3423 266 3490 (auctoritate
277 3420 315 3487 R)
335 3422 364 3475 in
378 3435 457 3476 suem
474 3419 557 3490 recipi
574 3421 772 3477 accusationem
790 3420 925 3490 episcopos
945 3419 1056 3476 minime
1074 3418 1225 3487 oportuisse

89 3516 202 3564 uosnon
222 3493 348 3574 latuisset
450 3507 647 3562 3aesertiones
665 3505 724 3562 Rm
827 3505 967 3576 pceptaT
1067 3502 1224 3558 luotasaet

88 3595 116 3653 R
213 3591 272 3648 oL
318 3597 323 3608 ’
368 3591 538 3646 5'dictonam
556 3593 591 3658 B,
618 3589 758 3648 doctorum
775 3589 993 3648 A'LPRTme
1096 3588 1222 3643 luerem

88 3679 116 3734 R
220 3677 376 3754 lappellet
400 3694 428 3744 c,
458 3676 571 3746 appellit
597 3675 727 3742 BLW,
755 3677 860 3746 repellit
877 3675 944 3731 PV‘
962 3680 994 3742 (e.
1013 3675 1041 3741 l.)
1060 3676 1089 3739 b,
1116 3673 1222 3744 repellit

88 3765 202 3834 adpellit
220 3761 283 3828 AR,
311 3763 419 3832 repellit
430 3765 552 3836 appellat
570 3781 596 3818 m
682 3763 717 3818 10
736 3764 900 3834 questionem
918 3761 1002 3817 Ans
1087 3760 1223 3816 rethorica

88 3851 144 3904 ΕΤ
245 3849 330 3904 fibula
355 3847 486 3914 BLW,
517 3850 750 3919 argumentatione
771 3848 807 3903 Vt
832 3855 863 3915 (e.
881 3849 933 3915 i.),·
951 3847 1035 3902 fibula
1058 3847 1076 3901 1.
1100 3861 1122 3900 e.
1145 3861 1223 3915 argu·

88 3937 255 3990 mentatione
275 3937 328 4002 Tc,
346 3936 590 4005 argumentstioup
614 3935 698 3988 libuls
720 3933 809 3991 snm
910 3934 1053 4004 allegando
1070 3932 1223 3996 BLPW,

88 4021 211 4078 addendo
237 4022 312 4077 ΒΨ
326 4023 357 4087 (e.
377 4021 404 4088 1)
429 4037 455 4085 c,
493 4021 613 4076 addendo
640 4020 784 4088 allegando
809 4021 870 4076 Am
981 4021 1014 4076 12
1031 4021 1112 4074 neris
1138 4019 1155 4072 b

89 4111 206 4177 cepasio
228 4111 255 4176 (s
279 4111 370 4172 erasi
389 4107 416 4162 L
521 4107 554 4162 13
581 4121 727 4160 sermonem
753 4105 815 4160 Res
845 4149 848 4154 .
917 4104 989 4174 quia]
1017 4105 1067 4173 qui
1092 4104 1155 4159 Bac

90 4193 279 4248 lensiense
298 4194 339 4258 Β,
370 4191 519 4248 imbecilles
537 4191 624 4246 Pbss.
733 4193 768 4246 15
784 4207 842 4245 esse
859 4191 957 4245 iudicio
980 4190 1007 4245 V
1115 4189 1146 4244 11
1165 4189 1222 4244 desi

89 4280 137 4347 (11
156 4279 282 4346 02·th
367 4279 552 4334 1111111ιιτιιιιι
569 4279 627 4334 Rm
732 4277 951 4346 congressuum
1054 4275 1222 4341 domisidsi

89 4368 120 4418 isc
136 4372 201 4432 rae.)
226 4365 252 4418 V
653 4396 655 4405 ι
839 4402 843 4414 ,
867 4369 884 4413 ‘.

1066 4467 1121 4520 19·
