2934 4934
454 382 689 455 Epistularum
709 384 798 440 liber
816 384 869 441 ΙΙΙ.
1177 390 1218 456 93

111 570 270 655 scriptione
287 570 419 637 donatus
439 570 519 637 nibil
542 571 578 637 de
601 571 720 638 uicaria
734 574 883 638 relatione
903 575 1053 658 cogitasti.
1077 592 1146 641 ecce
1159 576 1218 641 ite·

110 694 175 739 rnm
194 674 325 759 paginas
357 673 449 739 mitto
483 673 584 741 sciens
618 677 752 742 tribuere
774 677 856 758 quod
889 681 1022 759 expecto.
1061 678 1146 757 nale,
1174 682 1217 745 mi

83 850 87 854 ,
110 776 237 856 lomina,
261 780 292 841 et
313 776 470 841 amantem
492 778 539 842 tui
560 776 725 861 adloquere
748 778 846 843 nitore
869 796 927 862 quo
956 780 1057 847 clarus
1085 798 1126 861 es,
1149 781 1218 848 ioue

108 878 285 962 integritate
308 898 368 963 qua
381 880 552 963 praeuales.

612 1053 710 1121 XXX

486 1187 670 1245 ennomus
693 1187 856 1246 amnne.-

145 1312 240 1380 Miror
261 1311 341 1379 lanis
363 1314 587 1399 magnitudinis
609 1316 680 1379 tuae
702 1314 869 1380 iniucunda
887 1312 1025 1396 copulari
1048 1317 1078 1378 et
1100 1314 1215 1379 sereni·

107 1420 203 1481 tatem
214 1415 421 1482 oomcientiae
433 1418 599 1482 uerbomm
610 1418 793 1482 austeritate
805 1416 1003 1497 maculatam,
1020 1415 1094 1482 dum
1110 1416 1216 1485 scribis

106 1520 254 1602 imperare
267 1538 318 1584 me
332 1519 435 1603 potins
448 1520 578 1602 paginas
590 1537 684 1601 quam
697 1518 858 1604 diligentia
873 1518 1024 1585 enectine
1039 1518 1216 1601 promereri.

71 1622 192 1705 reputas
214 1620 315 1685 ullum
340 1639 438 1704 genus
460 1619 638 1687 dominandi
653 1640 720 1686 esse
743 1622 909 1687 sublimius
925 1640 1019 1705 quam
1041 1622 1120 1687 illud
1136 1623 1216 1705 quod

104 1740 204 1788 amore
224 1740 281 1788 nos
296 1722 433 1789 subicit?
454 1722 542 1788 nulla
564 1726 646 1801 sunt,
670 1724 780 1789 domne
797 1725 925 1804 Aniene,
951 1724 1086 1789 culmina
1108 1725 1211 1807 aiugo

104 1824 242 1891 cnunc
264 1826 420 1891 inmunia:
443 1825 588 1910 quioquid
610 1828 643 1890 in
665 1829 737 1892 orbe
752 1825 908 1893 libertatis
931 1828 978 1891 est
993 1826 1049 1893 tali
1066 1844 1126 1891 non
1141 1825 1217 1891 sub·

103 1928 235 1994 trahitur
257 1928 411 1995 semituti.
445 1946 515 1995 ecce
550 1946 605 2012 ego
638 1928 705 1995 loco
727 1928 874 2008 humilis,
904 1928 1027 2013 ignotus
1051 1928 1215 1996 honoribus

101 2030 212 2098 uestris
235 2028 371 2097 fascibus
393 2032 438 2097 sic
459 2029 590 2110 iubebo,
621 2032 713 2115 parili
735 2034 897 2098 contentus
921 2032 1025 2098 ordine
1049 2034 1214 2099 subiacere.

69 2153 180 2200 nnnnc
202 2132 284 2211 nale,
308 2138 339 2199 et
362 2137 511 2217 quantum
534 2132 631 2199 tribui
652 2135 709 2201 tibi
733 2134 876 2217 senseris,
901 2137 1025 2201 tantum
1040 2134 1116 2201 mibi
1135 2136 1215 2201 sicut

100 2237 199 2302 fidelis
221 2238 387 2302 restitutor
408 2236 579 2305 affectionis
602 2239 743 2322 inpendo.

601 2424 714 2492 mu

483 2558 667 2617 annorum
687 2560 831 2617 amnuo.

137 2682 290 2764 Quamuis
319 2680 523 2764 epistularum
545 2682 679 2765 qualitas
713 2700 768 2766 pro
800 2683 935 2767 ingeniis
965 2687 1154 2767 conponatur
1183 2686 1215 2749 et

70 2804 184 2869 nuspa
206 2784 410 2851 sollemnitati
425 2784 551 2864 militet,
566 2804 798 2868 nonnumquam
821 2786 990 2853 affectionis
1013 2790 1144 2853 testetur
1165 2786 1214 2851 in-

96 2888 184 2967 dicia,
210 2906 286 2971 quas
308 2888 473 2972 aliqnando
493 2888 592 2955 dictat
612 2889 780 2969 sinceritas,
805 2890 992 2978 ¹plemmque
1014 2889 1077 2955 fnoi
1099 2887 1211 2953 similis

95 2993 302 3071 concinnatio,
325 3010 402 3075 qnae
435 2992 599 3059 candorem
629 2993 801 3077 imaginata
834 2992 1012 3076 diligentiae
1036 2991 1213 3057 urbanitate

95 3112 154 3174 qna
176 3095 299 3180 tegitur
318 3095 493 3175 innotescit,
509 3096 584 3162 dnm
606 3095 766 3162 fabricatis
782 3094 899 3162 nudata
920 3094 1108 3178 tegminibus
1131 3094 1214 3161 intra

94 3197 241 3264 nahmen
264 3199 415 3281 aperitur:
444 3217 500 3283 ego
522 3207 627 3264 tamen
654 3199 685 3263 in
706 3199 829 3282 paginis
857 3199 1018 3281 speculum
1045 3198 1120 3281 puto
1148 3215 1214 3262 esse

69 3300 310 3383 aconecientiaq
332 3319 387 3383 per
408 3320 483 3385 qnas
506 3300 678 3367 amicitiam
700 3302 874 3367 discernere
896 3300 1035 3367 absentia
1057 3300 1108 3366 uin
1124 3318 1213 3382 prae·

98 3404 207 3469 sumit:
231 3402 352 3469 clarum
374 3406 422 3470 est
444 3408 564 3483 tamenn
594 3404 667 3486 quid
688 3404 722 3469 in
749 3404 815 3470 illie
838 3404 981 3487 simplex,
1005 3401 1079 3485 quid
1101 3402 1211 3469 artifex

147 3607 163 3659 1
180 3608 222 3661 nil
241 3608 267 3661 T
364 3608 382 3661 3
399 3608 512 3663 nitorem
530 3610 578 3665 Pb
688 3609 843 3678 epaenetus
860 3608 887 3663 Β

145 3708 230 3768 m.
266 3710 283 3762 7
300 3711 445 3767 iniucunda
460 3712 558 3769 BPTb
659 3714 676 3768 8
693 3712 813 3768 mmbisu
830 3712 858 3766 L
958 3711 992 3765 10
1008 3712 1088 3779 putas
1105 3710 1209 3781 scripsi,

100 3796 193 3859 eumn
206 3797 360 3853 BLPTVb
444 3799 541 3869 ullum]
555 3800 660 3854 nullum
672 3800 714 3855 Pb
730 3798 880 3869 eediomp.
909 3796 1025 3853 utillud
1042 3797 1146 3851 ΡΜ

102 3880 130 3932 ll
147 3883 230 3938 amori
247 3884 263 3939 b
281 3888 307 3938 et
323 3884 405 3939 Sim
508 3884 583 3954 nulle
599 3885 628 3939 Β
724 3884 818 3940 domne
834 3885 868 3952 Β,
896 3884 1001 3939 domine
1019 3882 1144 3938 LPTVb

103 3964 274 4039 nequitque
290 3969 319 4023 Β
421 3971 455 4026 13
472 3970 592 4040 ignotus]
611 3971 738 4026 immotus
759 3970 784 4025 Τ
883 3970 916 4025 14
933 3970 1101 4037 contemptus
1122 3968 1147 4022 T

103 4063 538 4159 15ηι1ο]η”1ιοιιε.ῑ.ηι2

153 4188 246 4247 xxxi.
281 4192 317 4247 ab
334 4210 394 4264 sepe
409 4194 439 4249 Β
524 4194 717 4264 sollempnitati
734 4194 820 4251 LPV
905 4192 940 4247 23
957 4192 1099 4277 fabricatae
1117 4192 1143 4247 B

103 4286 137 4342 25
155 4294 292 4350 anicinum
312 4298 337 4350 T
435 4298 668 4369 ui1]indext'ort.
770 4300 905 4369 presumat
923 4297 950 4353 B
