2934 4934
236 425 311 475 oxu

231 594 397 677 principis
419 593 553 658 donauit
576 596 603 656 te
624 591 780 658 bonorum
799 595 952 676 ommino.
977 593 1015 659 01.
1039 591 1085 660 St.
1108 593 1148 658 V.
1171 594 1302 662 11255.
1325 631 1367 644 -

240 697 312 776 161,
334 697 376 762 26
399 696 491 762 deum
513 696 670 781 deprecor,
699 699 737 760 ui
758 694 895 763 aestibus
916 697 996 762 meis
1015 702 1149 780 aperui
1169 697 1368 778 dispensatio

238 799 421 887 (dispositio
444 803 547 880 0000,
579 800 788 882 dispositione
810 803 843 886 b)
864 801 990 883 fauoris
1011 804 1173 886 occurrat,
1204 801 1264 868 nisi
1287 801 1367 868 forte

238 903 384 970 editionis
405 903 554 987 principis
577 903 720 986 uestigia,
746 922 825 987 quae
847 905 928 973 huuc
950 904 1119 988 epistulam
1142 921 1179 968 ex
1194 904 1270 969 10110
1285 904 1367 969 0001-

239 1007 333 1073 01οΒ
362 1008 522 1090 deperdito
552 1006 725 1090 descripsit,
761 1008 861 1089 magis
890 1007 988 1073 etiam
1019 1010 1189 1090 premenda
1218 1009 1301 1087 suut,
1332 1014 1368 1075 ut

237 1110 473 1193 disponsatione
493 1110 714 1194 praeferamus.
738 1109 934 1192 dispensatio
956 1129 1098 1192 supano
1118 1128 1173 1193 pro
1196 1111 1303 1178 fauore
1319 1113 1368 1178 01-

238 1216 313 1280 0100
346 1215 528 1298 suepissime
561 1213 643 1296 apud
673 1213 850 1280 Eunodium
884 1214 1002 1298 legitur
1032 1214 1368 1301 (0100100660).

238 1319 321 1385 idem
350 1319 498 1384 mendum
529 1317 644 1385 codicis
667 1317 694 1384 B
717 1335 810 1401 opera
838 1333 997 1383 remouere
1018 1320 1122 1399 potui,
1152 1318 1207 1400 001
1230 1318 1301 1395 104,
1327 1320 1365 1383 11

238 1422 381 1488 exhibet:
424 1441 483 1487 nos
513 1420 783 1503 pollicitationem
818 1440 922 1486 meon
957 1421 1094 1504 bonique
1129 1421 1368 1503 disponsatione

242 1525 458 1608 (dispositione
480 1524 589 1608 LTV)
612 1522 751 1606 conplete
774 1523 826 1607 (cl.
849 1524 871 1590 l.
896 1525 914 1588 1
937 1523 1134 1606 dispunctio
1155 1529 1365 1609 sanctorum).

237 1665 280 1678 -
297 1629 369 1709 114,
386 1629 405 1693 8
428 1628 547 1694 mulius
564 1629 601 1694 in
616 1627 888 1710 promissionibus
909 1628 1086 1694 subuenisti
1099 1627 1230 1694 dicendo
1243 1633 1369 1695 susinu-

237 1733 372 1798 iondnm
401 1753 450 1797 nuo
479 1751 542 1798 cese
565 1731 710 1815 popinis,
741 1731 797 1813 qui
820 1732 976 1814 propriae
1005 1730 1085 1796 uncis
1109 1733 1267 1813 priuorer
1294 1735 1368 1799 sub-

236 1837 362 1902 stantia
391 1835 550 1919 (absentio
571 1837 689 1918 0000).
728 1836 939 1919 nequeenim
969 1833 1045 1899 alibi
1076 1834 1207 1901 uerbum
1227 1838 1370 1918 prinoro

238 1959 309 2006 euru
332 1939 470 2024 genitiuo
495 1939 657 2023 coniungit
673 1937 865 2004 statuentia
882 1942 940 2001 tuo
954 1939 1139 2020 requiratur,
1163 1939 1368 2006 siabseuiem

237 2043 396 2108 Auieuum
428 2045 586 2126 propriam
621 2043 723 2108 lucem
758 2043 972 2128 appellaturus
1006 2042 1280 2127 011.-189,11
1315 2044 1368 2109 oet

238 2146 331 2228 nefus
354 2148 498 2228 putastis
527 2145 676 2229 epistolas
703 2147 848 2227 reddere,
882 2165 963 2228 quas
989 2146 1078 2210 nobis
1105 2145 1190 2210 inier
1217 2165 1370 2213 cueursus

241 2253 394 2332 (cucusam
410 2251 510 2332 codd.)
537 2250 666 2334 conticit
689 2267 754 2314 non
768 2251 896 2332 cepisse.
929 2249 1112 2332 saepissime
1127 2267 1269 2314 cerasus
1284 2251 1368 2316 idem

239 2354 320 2435 0000
343 2372 433 2418 eonor
455 2353 621 2437 siguificat,
646 2372 724 2436 quae
746 2353 835 2420 uerbi
857 2354 907 2420 uis
924 2354 1099 2420 sententiae
1121 2373 1181 2420 000
1203 2355 1367 2432 couueuit;

238 2460 348 2523 contra
380 2457 546 2523 itineribus
574 2475 652 2540 quae
675 2458 831 2524 Maximus
864 2457 1001 2539 suscepit
1034 2457 1151 2540 optime
1182 2458 1365 2541 explicatur,

239 2560 320 2645 0000
344 2560 495 2646 epistulas
517 2561 654 2646 accipere
677 2579 739 2626 000
761 2552 908 2643 potuerit.
953 2561 1027 2639 506,
1048 2562 1088 2626 13
1102 2565 1260 2642 interpres
1272 2580 1370 2644 supe·

238 2684 347 2729 rorum
376 2664 419 2728 od
447 2663 503 2730 bos
531 2664 692 2730 bominem
718 2663 866 2746 conpellit
892 2683 1044 2730 excursus
1074 2668 1229 2746 (excessus
1250 2666 1368 2748 0000),

237 2771 275 2832 01
294 2767 457 2851 dilipontis
488 2765 586 2834 litora
612 2768 707 2849 quasi
736 2767 837 2834 solum
857 2767 969 2834 hostile
989 2767 1154 2851 diffupiot.
1184 2787 1264 2834 noua
1287 2768 1369 2834 Dido
1393 2800 1397 2806 ·

237 2872 351 2938 itinera
388 2872 561 2956 significat,
604 2891 682 2955 quae
727 2875 849 2939 Aeneas
886 2873 1015 2939 deorum
1052 2873 1137 2938 iussu
1181 2872 1366 2956 ingreditur.

239 2979 370 3058 utroque
398 2994 471 3041 uero
500 2975 567 3041 loco
595 2976 622 3041 si
652 2994 794 3040 excessus
819 2993 875 3057 pro
898 2975 987 3042 abitu
1009 2977 1174 3049 diceretur,
1196 2974 1368 3059 singularis

238 3095 386 3144 numerus
421 3079 542 3144 adesset
569 3080 621 3160 (el.
644 3079 743 3145 etiam
764 3097 917 3144 excursus
939 3081 971 3144 10
994 3081 1057 3146 100.
1079 3097 1110 3162 p.
1133 3080 1222 3161 665).
1267 3079 1369 3146 simili

238 3182 370 3264 denique
399 3181 521 3248 medela
549 3182 644 3248 uerba
665 3183 740 3260 266,
761 3185 783 3246 4
811 3182 884 3246 nolo
908 3202 971 3264 per
995 3202 1107 3248 cursus
1137 3185 1242 3265 (eosne
1265 3185 1367 3264 codd.)

238 3302 348 3349 erroro
368 3283 604 3350 dominatuum:
627 3285 664 3350 in
688 3289 740 3350 tuo
762 3290 926 3351 stemmate
942 3287 1072 3367 probati
1093 3291 1169 3351 sunt
1181 3286 1238 3368 qni
1251 3287 1371 3364 reperti

238 3388 394 3454 tractandi
416 3391 501 3454 suut.
539 3388 619 3468 uolo,
641 3389 756 3471 100011,
780 3396 1015 3455 enumerasset
1037 3409 1216 3475 comparare
1239 3408 1290 3454 eos
1312 3391 1371 3472 001

237 3494 277 3559 ad
307 3493 472 3576 imperium
501 3498 719 3575 peruenerunt.
758 3511 872 3558 cursus
899 3493 996 3576 igitur
1023 3495 1106 3560 idem
1128 3495 1193 3559 iere
1215 3495 1369 3575 estquod

238 3594 349 3668 seriem
384 3593 457 3675 0010
490 3611 582 3656 casus
611 3611 676 3658 esse
705 3595 814 3674 possit,
849 3595 961 3659 nescio.
999 3598 1162 3678 praeterea
1191 3615 1299 3661 uereor
1326 3616 1370 3661 ue

239 3696 331 3764 codex
362 3697 404 3775 Β,
439 3696 493 3779 001
525 3697 725 3762 dominatum
757 3717 813 3782 pro
844 3697 1069 3763 dominatuum
1102 3700 1240 3778 exhibet,
1274 3719 1371 3766 uerae

238 3801 410 3884 scripturae
443 3799 667 3864 dominantum
701 3803 870 3884 uestigium
900 3803 1139 3868 eoussmauerit.
1162 3839 1205 3852 -
1227 3804 1301 3881 221,
1323 3804 1367 3867 21

238 3903 376 3986 suspicio
402 3902 552 3986 (suscipio
575 3903 675 3987 code.)
707 3909 737 3968 et
757 3903 984 3970 oboedientiam
1010 3909 1168 3971 uanam.-
1196 3924 1253 3970 neo
1281 3905 1371 3970 enim

238 4008 369 4089 omanus
392 4006 495 4072 cubus
510 4007 636 4072 debetm
650 4009 894 4090 obsequentibus.
924 4009 1094 4075 uenerandi
1108 4009 1193 4076 00110
1209 4009 1370 4074 sententia

237 4109 409 4194 flagitatur,
434 4129 514 4193 quus
529 4111 623 4177 uerbo
638 4111 827 4194 suspiciendi
842 4112 965 4195 saepius
980 4115 1064 4178 inest
1078 4113 1162 4195 apud
1179 4111 1368 4176 llnuodium.

237 4251 280 4266 --
301 4215 375 4292 229,
401 4215 495 4296 lopo
524 4216 610 4279 curis
638 4215 739 4278 deesse
763 4215 903 4297 (donasse
924 4217 967 4300 Β,
995 4215 1129 4280 donasse
1149 4215 1231 4296 rell.)
1262 4216 1368 4297 cupio

238 4315 577 4384 0000001133.
611 4321 647 4382 01
674 4317 732 4383 hoc
761 4319 828 4384 loco
856 4318 983 4384 donasse
1005 4337 1060 4403 pro
1081 4320 1197 4399 000000,
1227 4316 1369 4397 251114
