2934 4934
249 401 313 468 372
539 437 543 447 ·
607 397 721 465 Magni
735 395 868 450 Felicis
886 395 1016 450 Eunodi

249 609 268 656 a
290 591 322 656 te
342 589 480 654 dinisam
503 591 535 652 et
557 587 694 652 multum
716 589 755 652 de
775 584 877 650 animi
896 585 945 650 tui
967 583 1135 650 elmneutie
1162 583 1380 659 eenfidentem,

250 713 328 776 quse
351 693 380 757 si
403 709 467 757 una
486 695 560 757 uoee
582 691 740 766 uteretur,
762 689 991 755 haesuieeree:
1020 689 1165 774 quotiens
1186 706 1241 773 pro
1262 706 1331 766 me,
1354 687 1381 751 si

249 794 473 873 reminisceris,
510 795 664 859 ferratum
699 795 810 876 peetus
847 792 992 858 hostibus
1030 792 1197 860 obtulisti?
1234 790 1380 874 quotiens

249 899 395 983 pugnasti
425 897 568 978 oonsilio,
602 896 750 964 nobella
777 896 990 981 subriperent,
1024 916 1064 962 ne
1092 895 1207 978 aliquis
1237 913 1382 960 meorum

249 1004 412 1069 dnosretur
444 1001 479 1066 in
510 1019 704 1084 quorumque
742 999 829 1065 erbis
861 1002 951 1084 parte
983 997 1150 1082 captiuus?
1186 1016 1263 1081 quos
1294 1015 1415 1064 nunes

249 1105 385 1185 detines,
417 1108 453 1171 tu
475 1104 620 1170 nutristi:
648 1103 754 1169 dolose
775 1103 854 1168 mihi
875 1103 980 1168 uirtus
1001 1108 1058 1169 tue
1080 1101 1267 1169 beneficium
1287 1121 1382 1184 prae·

248 1209 350 1289 stitit,
380 1210 408 1274 ei
437 1225 513 1292 ques
542 1207 581 1272 ab
611 1206 769 1272 extraneis
793 1209 919 1273 tutatus
949 1209 998 1280 eat
1020 1209 1125 1273 eustos
1146 1205 1273 1272 inuasit
1305 1205 1381 1286 quis

248 1315 430 1378 catenarum
451 1309 580 1377 nexibus
602 1311 761 1392 inpeditus
776 1310 870 1374 durae
886 1311 965 1374 serti
980 1315 1044 1374 nen
1057 1309 1215 1375 uberiores
1229 1307 1380 1374 laesimus

248 1414 423 1494 exhiberet,
456 1431 532 1479 eum
552 1433 584 1478 se
606 1416 646 1478 ud
668 1412 880 1478 eondieieuem
907 1412 1057 1479 libenter
1084 1411 1273 1493 inpelleret?
1303 1409 1381 1492 quis

249 1537 282 1583 se
304 1519 509 1596 subduoeret‚
539 1535 611 1582 eum
638 1535 798 1582 armmum
825 1519 952 1582 tuorum
975 1515 1112 1599 crepitus
1134 1514 1314 1592 audiretur,
1348 1515 1417 1578 ina

248 1639 309 1704 quo
338 1621 371 1686 in
399 1621 637 1686 necessitatibus
667 1620 863 1689 tutissimum
891 1619 1026 1686 habuere
1054 1617 1256 1701 perfugium?
1287 1616 1382 1682 elisis

249 1725 329 1790 eollo
351 1725 496 1792 manibus
524 1729 667 1790 matrona
694 1725 853 1803 sublimis,
887 1741 959 1788 enm
980 1723 1159 1790 traheretur
1180 1720 1221 1786 ad
1240 1719 1383 1798 uincula,

248 1829 394 1910 promisit
409 1827 472 1893 sibi
488 1827 645 1893 uindieem
658 1828 691 1891 te
707 1825 861 1892 futurum.
892 1828 982 1910 uirgo
996 1825 1035 1890 ab
1049 1823 1237 1908 stupratoris
1251 1821 1384 1890 insidiis

248 1931 399 2013 pudorem
421 1949 513 1996 snum
535 1929 598 1995 tibi
619 1929 764 1996 credebat
795 1929 958 2012 displieere
987 1948 1074 2013 posse
1101 1929 1131 1992 si
1158 1926 1312 2012 perdmet.
1350 1927 1387 1992 in

249 2051 414 2112 summam,
438 2034 523 2117 eapti
543 2037 618 2098 sunt
634 2051 711 2116 quos
728 2051 822 2098 nemo
835 2032 994 2118 fugientes
1009 2032 1141 2098 inuenit.
1169 2029 1417 2116 meeluume

248 2135 419 2200 interimas
449 2136 565 2218 stirpes
586 2140 620 2201 et
642 2137 730 2200 duris
753 2135 943 2202 exereitatne
963 2136 1122 2220 ligonibus
1143 2133 1274 2211 suboles,
1300 2153 1387 2216 quos
1448 2160 1449 2191 ³

248 2256 304 2320 per
325 2239 442 2303 terram
465 2255 554 2303 suam
576 2239 675 2316 pessit
693 2237 884 2304 infabricata
893 2238 1094 2323 simplicitas,
1118 2257 1188 2304 eum
1203 2237 1276 2302 loris
1291 2237 1388 2303 oolla
1448 2280 1449 2299 i

249 2343 451 2408 uesterentur
472 2345 504 2407 et
525 2341 647 2422 palmes
669 2341 806 2406 uineiret
831 2344 900 2406 urta
921 2343 1062 2423 nunerio,
1092 2342 1173 2407 nihii
1194 2357 1246 2424 pre
1266 2340 1387 2408 defen-
1448 2374 1449 2379 κ

249 2444 334 2510 sione
355 2462 412 2510 sue
435 2443 522 2509 atiud
543 2444 766 2510 clamitabant:
787 2446 905 2510 ammos
928 2448 960 2511 et
981 2445 1144 2511 euidenter
1168 2441 1387 2528 egneseimns,
1448 2470 1449 2485 1

249 2566 350 2612 nonne
379 2564 435 2613 uos
464 2549 538 2613 estis
560 2547 797 2632 Burgundiones
825 2548 947 2613 nestri?
980 2549 1100 2627 uidete,
1133 2565 1172 2613 ne
1192 2550 1263 2612 ante
1286 2548 1419 2628 piume
1448 2564 1449 2567 ¹

248 2667 353 2734 regern
381 2669 461 2733 quae
489 2651 593 2716 tarius
622 2651 776 2716 exeussus
798 2653 830 2715 et
852 2652 908 2717 ille
935 2650 1125 2718 mbsnorum
1153 2651 1387 2718 eomuetudine

248 2753 381 2820 erimine
408 2753 621 2838 subprimatis
654 2754 800 2835 quotiens
828 2753 1012 2837 istaeques
1044 2753 1143 2838 ligare
1177 2755 1388 2835 praesumitis

247 2872 360 2922 manns
382 2854 506 2922 domine
529 2857 689 2922 communi
710 2857 832 2922 tribute
851 2858 1044 2923 soluerentt‘
1060 2858 1205 2923 nouimus
1225 2856 1304 2939 quia
1329 2859 1387 2924 ille

248 2958 316 3022 fieri
337 2962 400 3024 ista
421 2977 482 3024 non
504 2958 605 3026 iussit
645 2959 703 3025 hae
736 2961 923 3026 austeritate
953 2960 1061 3026 miseri
1082 2979 1138 3043 pre
1159 2959 1282 3026 solaeiia
1309 2966 1387 3028 ute-

248 3062 371 3128 bauiur.
406 3063 523 3128 multos
549 3068 656 3128 tamen
679 3063 873 3145 integritatis
893 3068 968 3130 tuae
988 3064 1105 3130 fidueia
1124 3063 1202 3130 feeit
1222 3064 1420 3144 interimis

301 3317 315 3368 1
339 3315 511 3396 eonfitentem
536 3318 563 3371 B
665 3319 682 3372 2
705 3320 882 3386 quoties-l.
899 3323 935 3375 24
952 3321 1033 3375 iussit
1050 3321 1164 3377 iaoiaeit
1182 3321 1313 3377 Sedottess

247 3403 469 3457 3reminiseeres
492 3403 520 3458 B
617 3405 784 3475 peetum·1¹¹
885 3405 1095 3477 tsnbripersnt
1118 3407 1178 3474 (sub
1201 3410 1232 3463 io
1248 3412 1322 3477 ras.)
1350 3411 1389 3476 B,

247 3499 419 3592 eutraperent
449 3522 522 3580 Beli.
653 3491 735 3595 αΙίιίιΙ
759 3525 786 3580 L
917 3543 1009 3582 eorum
1038 3527 1121 3584 Sem.
1252 3528 1390 3598 dparoe
1448 3520 1449 3531 ¹

248 3627 274 3681 T
379 3628 396 3682 6
419 3628 541 3698 nutristi]
565 3631 637 3684 nosti
660 3629 801 3694 &timitem
831 3619 874 3686 nri
898 3632 925 3685 B
1028 3632 1135 3687 dolosae
1159 3632 1186 3687 B
1291 3637 1390 3719 petati

250 3733 275 3786 T
377 3731 502 3785 tensius
519 3732 547 3786 Β
650 3734 667 3788 9
688 3734 845 3789 exhiberent
866 3735 900 3788 T¹
1005 3737 1119 3805 inpleret
1136 3737 1164 3790 1,
1265 3737 1303 3792 ll
1324 3757 1390 3808 per·

247 3815 365 3884 fugium]
383 3817 549 3884 praesidium
567 3817 647 3873 Siros.
754 3821 787 3874 12
804 3827 865 3874 unm
883 3835 918 3875 ex
934 3834 983 3875 eon
1003 3820 1029 3875 T
1044 3837 1113 3877 corr.
1217 3821 1249 3875 1³
1266 3823 1391 3880 nindem
1448 3826 1449 3831 ’

250 3901 275 3956 Τ
366 3901 399 3955 16
411 3901 522 3971 stirpes
535 3906 564 3974 (p
576 3905 696 3972 erarii}
787 3905 976 3972 exercitateV,
1003 3907 1185 3965 exederet·
1271 3909 1391 3964 soboles
1448 3954 1449 3959 ,

247 3986 332 4041 LTV
433 3986 464 4041 l'i
476 3987 583 4044 ⁴doloris
601 3990 629 4044 L
732 3988 766 4045 18
782 3993 897 4047 uineiret
912 3996 944 4049 in
961 4004 1016 4048 rae„
1030 3994 1094 4048 aad
1112 3994 1212 4048 Ver
1320 4013 1391 4053 enm·

246 4073 324 4128 nexio
354 4071 409 4127 TV
513 4073 548 4130 20
575 4075 770 4145 burgundionis
795 4079 825 4132 Β
926 4079 961 4136 21
988 4080 1081 4135 faeites
1107 4083 1240 4136 excusetes
1266 4079 1313 4135 Βι

245 4159 408 4214 othonorum
426 4161 454 4214 B
562 4161 595 4221 22
618 4162 803 4234 subpremstes
821 4166 870 4230 13¹,
898 4167 1076 4236 supprimetss
1097 4165 1132 4220 V*
1236 4167 1291 4220 iste
1316 4185 1392 4238 quos

247 4245 307 4384 lut„
341 4245 463 4387 Blaesus
486 4247 514 4302 n
616 4252 792 4318 praesumitis
815 4252 894 4306 mm
1000 4251 1036 4306 aa
1058 4253 1109 4306 rna
1136 4251 1170 4307 m
1272 4254 1314 4308 24
1346 4242 1449 4311 ω’

258 4346 323 4384 alls
1448 4360 1449 4383 i
