2934 4934
624 386 740 457 Magni
757 386 886 443 Pelleta
905 388 1033 444 Ennodi

803 577 857 644 VI.

617 706 801 768 nnnonrrs
824 706 1040 782 nernnnrro,

309 836 435 902 Dandae
457 840 531 903 sunt
551 853 663 907 marm
684 838 797 901 amoris
820 837 965 921 Imperio:
993 838 1135 905 uinctum
1156 856 1206 902 me
1226 838 1314 903 tenet
1337 840 1392 907 sd·

268 938 362 1005 sectio
384 939 434 1003 cui
456 937 552 1005 uerba
573 940 720 1023 concessi,
743 941 779 1004 nt
801 938 883 1025 quod
906 940 944 1005 ad
967 939 1054 1009 salue
1081 938 1223 1009 debitum
1254 942 1392 1024 pertinet

267 1062 327 1108 non
349 1043 492 1107 tacerem.
516 1040 677 1109 domestici
697 1038 863 1129 perlatoris
886 1043 1004 1109 occasio
1027 1042 1107 1111 mihi
1128 1043 1230 1129 perire
1253 1062 1315 1110 non
1337 1062 1420 1129 por

267 1143 346 1222 tuit,
378 1144 439 1209 nisi
467 1142 507 1211 ad
540 1143 720 1231 diligentiae
748 1147 959 1213 testiinonium
987 1145 1104 1230 scripta
1126 1144 1390 1219 transmitterem.

267 1244 406 1314 salutans
433 1265 505 1333 ergo
533 1250 707 1315 reuerentia
736 1247 842 1313 debita
873 1267 996 1333 precor,
1025 1251 1062 1319 ut
1088 1249 1204 1315 uicario
1228 1269 1279 1315 me
1310 1252 1391 1317 rele-

267 1351 349 1415 netis
371 1349 483 1431 affatu,
512 1352 585 1435 quia
612 1351 760 1435 promitto
788 1352 865 1419 mihi
893 1352 1073 1420 litterarum
1102 1353 1322 1440 prorogatione
1345 1371 1392 1418 re·
1446 1342 1447 1377 c

269 1470 424 1537 sponsum.

793 1591 864 1656 VII.
1400 1626 1420 1665 ro

499 1722 684 1780 aresceres
701 1723 895 1779 snnonsro
915 1724 1155 1781 ennenrnnno
1446 1688 1447 1713 ¹

309 1846 386 1928 Quis
414 1848 536 1913 uestrae
569 1845 749 1913 adfectionis·
770 1847 922 1912 inmemor
948 1846 1009 1911 nisi
1038 1847 1092 1929 qni
1120 1849 1168 1911 est
1199 1847 1391 1914 inhumanus

269 1949 404 2015 existat?
426 1949 495 2034 quis
517 1950 614 2016 totins
630 1948 788 2033 religIonis
803 1966 949 2033 personae
966 1949 1048 2033 apud
1064 1950 1156 2014 denm
1180 1948 1260 2015 nolti
1274 1950 1392 2017 trabere
1446 1958 1447 2047 t

265 2052 472 2135 suffragium?
493 2070 552 2134 ego
571 2052 715 2132 maxims,
740 2052 848 2134 quiet
869 2052 1026 2134 gramm,
1039 2054 1238 2135 peecatormn
1256 2052 1391 2119 sarcinis
1441 2124 1444 2132 ,

264 2172 386 2237 premor
409 2156 442 2220 et
463 2156 603 2220 nestram
624 2155 762 2237 gratiam
783 2153 920 2234 obtinui,
950 2172 1094 2237 quaeres
1115 2154 1194 2221 milri
1215 2155 1421 2223 absolutio-s
1446 2238 1447 2253 χ

265 2274 336 2321 nem
356 2257 513 2343 integram
535 2256 714 2340 pollicetur.
747 2257 888 2325 salutans
918 2274 994 2341 ergo
1013 2257 1198 2323 renerentcr
1226 2261 1259 2322 et
1283 2259 1391 2325 debite

265 2377 364 2442 spero,
387 2360 424 2425 nt
440 2378 496 2444 pro
511 2380 562 2425 me
583 2378 638 2441 per
659 2362 772 2426 omnia⁴
786 2362 965 2426 sanctornm
987 2359 1057 2425 locs
1077 2360 1152 2426 neh
1173 2358 1289 2426 meme:
1313 2380 1392 2445 qnae
1446 2364 1447 2433 ζ

264 2466 446 2529 conuentus
467 2463 517 2529 dci
539 2461 689 2528 beneficia
708 2464 778 2528 sine
804 2480 893 2532 mors
915 2462 1093 2547 discolorem,
1112 2461 1186 2546 quir
1206 2465 1393 2546 conpertum

265 2565 344 2631 mitri
363 2568 422 2644 est,
446 2565 525 2647 qnod
547 2565 680 2631 mereris
699 2566 812 2632 audiri.

783 2754 870 2823 VIII.
1402 2788 1424 2828 ro

652 2889 834 2945 ENNODIVS
856 2886 999 2944 AVIENO.

307 3008 340 3076 Si
355 3010 471 3076 offense
485 3014 631 3093 praestat,
654 3012 692 3076 nt
712 3010 943 3095 magnitudinis
957 3014 1031 3076 inae
1045 3011 1164 3093 scripta
1178 3008 1391 3093 geminentur,

266 3131 358 3194 qnam
379 3112 494 3180 uellem
513 3130 603 3197 saepe
624 3112 681 3180 illa
702 3115 802 3180 sereni
824 3115 956 3197 pectoris
978 3114 1026 3178 tri
1048 3112 1219 3196 tranquilla
1240 3112 1393 3180 turbari?

265 3218 297 3280 et
320 3216 379 3282 nisi
400 3216 617 3283 aduersaretnr
636 3218 801 3301 proposito,
826 3234 932 3283 causas
955 3215 1180 3301 indignationis
1203 3219 1392 3301 ingererem,

265 3319 387 3401 quando
410 3321 491 3402 qnod
514 3336 601 3386 emor
622 3338 683 3386 non
698 3320 836 3384 meretur
857 3338 910 3403 per
932 3319 1039 3402 culpas
1054 3320 1183 3403 optinui.
1208 3324 1425 3404 egolemensi

266 3441 366 3488 errore
387 3440 499 3488 uacare
521 3442 572 3487 me
594 3422 704 3488 nuntio
725 3424 759 3487 in
782 3440 817 3488 ea
846 3440 953 3502 causa,
982 3421 1014 3487 in
1049 3438 1109 3505 qua
1137 3424 1210 3488 dum
1233 3424 1394 3490 accusatis

265 3524 510 3610 neglegentiam,
542 3526 715 3607 praemium
738 3524 924 3591 contulistis.
957 3543 1087 3608 pnerurn
1111 3525 1253 3591 turbatus
1278 3524 1392 3605 direxi,

316 3763 364 3817 vr.
398 3766 538 3820 stass
557 3766 592 3821 Τι
700 3764 779 3823 om
796 3764 824 3833 (n
842 3780 862 3821 s.
883 3742 960 3832 nr
1067 3764 1279 3823 transmitterem
1299 3766 1339 3835 (ct
1359 3783 1395 3825 ac

265 3846 303 3903 s?
319 3848 445 3916 coortis
547 3849 705 3905 Ireueletis
723 3851 750 3904 L

314 3948 378 4007 vn.
414 3952 446 4007 13
463 3956 576 4008 exsistat
600 3954 626 4007 V
722 3952 807 4008 nollet
830 3954 858 4009 Β
961 3954 993 4008 15
1018 3954 1136 4023 gratiam
1155 3958 1231 4008 nram
1251 3956 1341 4019 (nram
1361 3957 1395 4009 ia

308 4081 314 4094 .
389 4042 410 4107 .)
428 4039 456 4094 Β
552 4040 584 4094 16
600 4042 762 4096 nenerrmtnr
783 4040 818 4093 T¹
915 4040 946 4094 11
965 4040 1042 4110 qnae]
1060 4054 1139 4110 quem
1158 4042 1185 4097 B
1281 4040 1316 4095 19
1335 4056 1394 4096 rne-

270 4314 296 4367 V
315 4228 393 4285 VIII.
428 4230 462 4285 23
486 4246 545 4299 sepe
563 4231 590 4286 B
700 4230 734 4284 25
758 4229 865 4286 othnni
882 4244 929 4299 per
945 4230 1071 4300 culpant
1182 4228 1214 4283 dt
1240 4232 1393 4298 mnrium

308 4330 402 4383 resp.
419 4334 452 4370 rra
473 4321 489 4370 1
