2934 4934
1193 397 1244 445 Vll

112 554 155 629 ec
167 590 208 620 =
224 568 310 628 certe
331 564 384 630 uel
404 564 497 650 caede
520 551 598 632 ic:
616 563 771 632 masas.
794 567 965 651 conpendia
976 567 1013 633 id
1025 587 1123 652 genus
1142 587 1245 654 panea

111 687 148 733 ex
171 667 340 752 archetypo
362 669 546 742 conseruata
561 672 643 746 eunt,
666 671 760 754 longe
781 671 919 754 plurima
939 671 1076 737 librariis
1092 672 1244 739 debentur

110 771 315 852 monasterii;
349 771 455 836 eadem
486 772 738 856 frequentissima
767 773 863 840 etiam
892 776 924 840 in
953 774 1167 853 mandensi,
1190 776 1243 858 qui

111 876 145 940 in
176 878 283 942 eodem
311 876 500 941 monasterio
528 875 636 942 Clarae
659 876 760 942 Valhs
788 876 924 961 scriptus
952 882 1013 956 est,
1041 877 1176 944 inueniri
1205 877 1243 945 G.

111 979 231 1044 Laeuii
253 979 430 1046 conlatione
452 977 556 1044 didici.
591 979 756 1046 Trecenses
779 980 874 1048 libros
895 983 1011 1065 partim
1038 982 1106 1066 ipse
1128 984 1243 1065 partim

112 1083 151 1150 V.
176 1083 329 1149 Thumser
351 1083 495 1162 contulit,
519 1083 689 1167 scripturas
705 1101 813 1150 earum
835 1085 1011 1152 manifestis
1034 1086 1188 1152 erroribus
1211 1091 1243 1153 et

110 1186 205 1254 rebus
228 1185 475 1272 orthographicis
498 1188 633 1271 exceptis
654 1205 761 1254 omnes
782 1189 817 1254 in
839 1190 1025 1272 apparatum
1047 1191 1157 1275 recepi.

153 1327 256 1394 Codex
270 1325 559 1393 Escorislensis
574 1328 605 1392 d.
621 1328 671 1393 III
687 1328 728 1392 22
744 1328 884 1411 signatus
899 1328 933 1393 8⁰
947 1327 1107 1410 bipertitis
1119 1329 1243 1412 paginis
1271 1334 1298 1398 n

110 1432 246 1515 scriptus
282 1430 414 1496 membr.
447 1449 527 1498 saec.
556 1431 637 1498 XIII
671 1431 725 1499 fol.
759 1433 835 1511 139,
871 1431 922 1498 ioh
958 1431 1075 1499 1-66
1107 1434 1241 1500 Ennodii

110 1535 231 1620 scripta
264 1535 437 1601 continens.
476 1533 616 1600 carmine
649 1553 727 1617 quae
760 1536 867 1603 insum
888 1536 922 1602 in
947 1554 1053 1602 meum
1087 1555 1178 1602 usum
1201 1539 1241 1606 G.

110 1639 222 1704 Loewe
256 1638 399 1717 contulit,
433 1637 486 1720 qui
516 1641 696 1704 accuratam
729 1638 971 1721 descriptionem
1002 1640 1180 1723 propediem
1207 1642 1242 1706 in

109 1741 288 1808 Annalibus
305 1742 482 1808 academiae
494 1741 744 1810 Vindobouensis
759 1741 977 1825 pubhcaturue
991 1743 1050 1808 est.
1073 1743 1114 1808 ad
1129 1743 1242 1810 codicis

110 1845 265 1929 originem
299 1846 443 1929 spectant
477 1863 555 1928 quae
588 1844 801 1910 fch138⁰in
835 1845 977 1930 margine
1009 1846 1153 1912 interiore
1186 1846 1243 1912 ad-

107 1967 231 2050 scripta
251 1968 343 2031 sunt:
366 1949 411 2030 bb
431 1949 476 2031 sc'e'
498 1964 653 2048 sepham
674 1965 754 2046 fosse
768 1986 849 2031 eoae
863 1969 926 2049 qai
940 1966 1026 2033 dedit
1046 1961 1120 2049 7ἴῇ
1137 1972 1258 2032 iussae·

105 2075 199 2135 ires's.
233 2087 305 2135 cum
329 2069 443 2135 artiore
466 2069 658 2154 cognationis
680 2069 808 2135 uinculo
831 2087 903 2134 cum
922 2067 1128 2137 theocusihus
1150 2071 1242 2136 libris

107 2173 296 2238 coniunctus
324 2175 375 2257 sit,
404 2171 444 2236 ad
474 2171 626 2253 Carmina,
657 2189 789 2254 quorum
811 2173 967 2256 permulta
989 2175 1022 2240 in
1051 2176 1091 2240 ihs
1121 2173 1243 2241 deside·

106 2278 237 2354 rantur,
271 2293 343 2342 eum
376 2276 505 2342 adhibui
539 2279 570 2342 et
601 2276 749 2343 lectiones
782 2278 938 2343 uariantes
972 2280 1106 2361 exceptis
1139 2279 1243 2344 mani·

106 2379 289 2445 festissimis
312 2379 467 2446 erroribus
489 2380 624 2446 enotaui.

154 2499 285 2565 Praeter
314 2500 370 2564 hos
402 2499 500 2566 libros
534 2500 653 2566 codices
684 2501 789 2567 omnia
818 2501 952 2567 Ennodii
985 2502 1105 2588 scripta
1134 2507 1241 2570 eodem
1281 2510 1370 2554 cua.

107 2603 221 2670 ordine
245 2606 438 2670 continentes
461 2603 540 2669 mihi
561 2605 781 2671 innotuerunt:
1260 2581 1397 2625 ‘mim

152 2725 256 2792 Codex
271 2725 479 2791 Parisinus
495 2745 541 2790 nr.
557 2725 640 2792 2177
657 2745 736 2792 saec.
752 2726 811 2791 XV
826 2726 880 2795 fol.
898 2728 960 2794 134
974 2728 1056 2793 uude
1071 2729 1243 2812 specImina

106 2848 233 2896 mecum
256 2829 410 2895 Antonius
444 2831 500 2895 lue
535 2831 789 2897 communicauit.
811 2866 852 2879 -
875 2832 967 2897 codex
997 2831 1240 2916 Regiuensis

105 2954 157 2998 nr.
174 2933 236 2998 129
259 2951 340 2998 saec.
361 2932 459 3000 XIIII
493 2938 561 2998 arta
583 2932 766 3018 cognatione
791 2952 862 3000 cum
885 2935 987 3000 codIce
1010 2935 1241 3002 Vindobouensi

106 3035 301 3103 coniunctus.
330 3036 503 3119 specimina
518 3037 583 3102 eius
599 3037 744 3120 diligenti
767 3055 843 3103 eura
865 3037 896 3101 in
911 3057 1014 3102 meum
1032 3057 1122 3104 usum
1145 3038 1240 3105 Zach-

106 3141 276 3207 meisterus
297 3160 385 3206 meus
415 3139 557 3205 confecit.
583 3177 623 3188 -
647 3143 741 3207 codex
761 3141 980 3207 Vaticanus
1006 3142 1061 3208 lat.
1086 3162 1133 3208 nr.
1156 3143 1239 3208 6057

106 3263 186 3310 saec.
210 3243 304 3311 XVII
312 3294 321 3329 ,
353 3244 404 3328 qui
434 3265 471 3309 er
502 3245 607 3310 codice
629 3243 783 3311 Vaticano
805 3265 852 3310 nr.
877 3242 961 3312 3803
987 3244 1041 3328 (V)
1067 3245 1239 3328 descriptus

107 3367 174 3413 esse
199 3348 332 3414 uidetur.
348 3384 391 3396 -
406 3349 499 3415 codex
521 3347 815 3414 Escorialensis
839 3347 864 3413 V
885 3349 956 3415 119
981 3349 1069 3432 (olim
1088 3348 1140 3414 III
1155 3351 1183 3419 G
1198 3348 1253 3414 22

108 3454 140 3516 et
162 3451 195 3518 II
217 3453 244 3517 E
266 3452 321 3534 20)
351 3453 385 3516 2ο
408 3451 505 3516 chart.
534 3470 615 3518 saec.
638 3450 714 3518 XVI
738 3452 789 3517 iol.
813 3453 886 3533 320,
913 3472 1005 3536 quem
1029 3472 1065 3517 ex
1087 3451 1241 3518 Vaticano

108 3553 304 3637 descriptum
328 3573 394 3620 esse
420 3555 608 3640 subscriptio
635 3555 689 3621 fol.
713 3555 791 3622 320⁰
812 3558 962 3623 testatur:
997 3555 1147 3622 collatam
1169 3576 1242 3621 cum

107 3655 284 3740 acceptari
299 3655 513 3724 Bibliothecae
533 3667 600 3742 αρν·
622 3680 660 3724 ec
681 3679 742 3742 quo
763 3660 955 3743 wamiam
976 3665 1006 3725 ct
1027 3661 1182 3726 coacescit.
1198 3697 1240 3708 —

108 3761 204 3826 codex
225 3761 547 3829 Vindobouensis
569 3783 615 3829 nr.
640 3765 703 3829 745
727 3784 806 3830 saec.
830 3764 890 3830 XV
913 3764 967 3832 iol.
992 3765 1042 3831 70.

148 3901 256 3982 Atque
271 3899 365 3965 codex
381 3900 696 3968 Vindobouensis
715 3904 770 3984 (=
781 3903 820 3985 P)
838 3903 872 3968 in
886 3903 945 3968 hoc
958 3921 1088 3969 numero
1103 3904 1237 3970 maxIme
1264 3904 1292 3968 P

107 4001 221 4086 dignus
245 4005 294 4068 est
316 4002 369 4086 qui
391 4005 566 4070 accuratius
589 4004 791 4086 describetur,
814 4007 895 4088 quod
910 4026 948 4072 ex
962 4025 998 4072 eo
1013 4007 1065 4073 uel
1080 4006 1147 4072 eius
1162 4025 1236 4091 apo-

107 4105 224 4189 grapho
245 4143 288 4154 -
310 4125 386 4172 num
414 4107 552 4173 codicem
580 4108 684 4191 ipsum
712 4109 814 4191 operis
836 4110 1079 4188 imprimendum
1101 4112 1237 4178 editores

108 4208 250 4276 dederint
281 4209 390 4276 dubito
422 4245 465 4258 —
499 4211 595 4277 editio
626 4213 768 4296 princeps
800 4214 851 4279 uel
884 4218 967 4280 certe
1000 4215 1137 4281 maxima
1168 4214 1237 4280 eius

108 4329 178 4392 pars
206 4311 345 4379 defluxit
375 4314 528 4382 iacturam
562 4318 734 4383 animiam
765 4321 833 4383 tum
861 4319 1081 4386 nonnullorum
1109 4322 1234 4404 quater·
