2934 4934
445 414 680 484 Epistularum
704 412 793 467 liber
815 412 852 469 11.
1054 477 1056 487 Ι
1165 416 1207 482 57

86 608 244 689 postremo
267 604 390 669 animae
413 602 473 668 tibi
495 602 629 667 mutatio
644 600 772 667 accessit
795 618 867 666 cum
888 604 1059 669 mutatione
1074 604 1206 670 telluris.

86 726 179 791 qnam
206 706 304 773 timeo
332 710 412 791 qnod
447 705 549 789 longis
582 705 735 772 incuriam
765 705 853 769 trram
882 706 999 771 incesso
1022 706 1204 789 conloquiis!

31 854 34 858 -
84 810 161 893 qnid
183 810 302 875 offensa
316 810 411 875 faciet
433 828 510 892 qnae
533 808 649 873 inlaesa
664 808 874 889 contempsit?
896 808 966 873 dedi
988 809 1107 874 iustum
1122 811 1206 876 dolo-

83 934 150 980 rem
174 914 289 980 studiis
312 932 374 978 non
396 913 547 977 amantis:
578 928 656 994 quos
678 914 709 976 te
732 910 926 976 innocentem
956 909 1074 977 iaciant
1097 930 1206 979 causas

65 1019 214 1101 singessi.
257 1016 311 1082 sed
341 1014 534 1098 exprobratio
556 1014 635 1094 iste,
668 1014 695 1080 si
728 1032 783 1096 per
813 1032 845 1079 se
866 1012 1065 1097 respicietur,
1099 1032 1207 1099 aspera

82 1128 151 1198 est,
186 1122 216 1186 si
239 1120 324 1205 origo
347 1120 415 1184 eius
436 1118 629 1201 inquiratur,
659 1118 744 1183 omni
766 1116 940 1183 dulcedinis
963 1117 1057 1182 melle
1076 1117 1205 1184 condita.

82 1223 227 1309 grauiter
250 1224 310 1289 lert
332 1222 413 1289 circe
435 1223 597 1287 caritatem
618 1221 851 1307 neglegentiam
875 1220 927 1302 qni
949 1220 1088 1303 parentis
1111 1218 1205 1285 eilen·

82 1331 164 1393 tium
187 1326 272 1392 liber
289 1329 423 1393 accusat.
447 1327 564 1409 poteris
588 1330 690 1391 errata
712 1324 874 1409 corrigere,
896 1326 923 1389 si
946 1325 1122 1406 praesentio
1145 1340 1205 1389 non

80 1433 182 1506 noles,
206 1430 373 1514 scriptione
396 1428 575 1512 multiplici.
597 1428 710 1494 solutis
740 1446 813 1511 ergo
841 1428 979 1511 gratiam
1008 1430 1206 1509 praesentans

52 1552 218 1617 roquaeao,
241 1537 277 1598 ut
299 1531 361 1597 mei
383 1530 578 1604 memineris.
609 1530 662 1613 qni
684 1548 791 1613 preces
812 1531 883 1595 tues
907 1530 988 1594 circa
1010 1545 1205 1595 communem

81 1637 186 1701 filium
210 1640 242 1699 et
264 1637 338 1700 nota
360 1635 520 1715 praecessi.
559 1637 632 1699 ante
655 1633 738 1697 enim
762 1632 836 1716 quid
870 1632 1044 1697 debuissem
1068 1633 1205 1698 conside-

82 1741 171 1813 rani,
196 1756 289 1820 quom
312 1739 384 1819 qnid
407 1736 505 1801 uelles
527 1753 734 1820 agnoscerem.
768 1738 803 1799 tn
834 1735 925 1798 doum
948 1734 1095 1818 religione
1117 1735 1207 1816 place

82 1844 112 1905 et
127 1858 261 1923 precum
276 1840 358 1905 circu
372 1857 427 1904 nos
443 1839 631 1905 adsiduitate
646 1855 792 1921 conpone,
816 1838 869 1920 qni
884 1839 1086 1903 intentionem
1101 1854 1206 1905 meam

83 1945 116 2007 in
153 1943 223 2008 eius
255 1942 428 2025 proiectum
451 1944 483 2007 et
515 1941 616 2007 cordis
650 1944 771 2006 secreta
793 1941 953 2026 respiciat,
983 1943 1020 2006 nt
1049 1940 1129 2023 quod
1152 1958 1206 2025 ego
1241 1994 1245 2002 .

50 2046 191 2110 relabere
212 2045 358 2128 polliceor
376 2044 431 2109 ille
453 2046 588 2127 praestet
610 2044 735 2110 anxilio,

602 2214 688 2281 XVI.

470 2350 652 2407 ENNODIVS
674 2350 819 2405 FAVSTO.

121 2468 185 2532 Par
201 2466 328 2550 quidem
351 2467 455 2533 fuerat
477 2466 606 2532 sublimi
630 2465 697 2531 uiro
719 2464 901 2533 Pamlronio
923 2470 1115 2531 commeante
1145 2465 1205 2531 mi·

78 2571 245 2635 pistorium
262 2570 392 2653 paginae
415 2569 455 2635 ad
469 2570 536 2635 uiui
558 2570 709 2637 sermonis
731 2568 835 2635 officie
855 2569 1018 2635 transferri
1042 2586 1098 2635 nec
1113 2568 1205 2635 illum

47 2674 246 2755 mpietatem
268 2672 352 2739 faece
372 2673 510 2756 onerari,
543 2692 637 2756 quem
668 2692 730 2738 non
758 2676 825 2739 tam
854 2674 949 2739 uerba
977 2690 1047 2737 mee
1070 2671 1206 2757 contigit

79 2795 170 2841 nosse
194 2796 288 2859 quam
311 2776 423 2841 studia.
447 2776 501 2841 sed
524 2778 589 2841 eine
611 2775 646 2840 in
668 2776 717 2841 his
740 2775 851 2842 officiis
874 2792 985 2841 manus
1008 2776 1122 2839 dentur
1143 2774 1204 2839 im-

79 2882 175 2963 perio.
212 2880 353 2963 postulet
385 2877 571 2944 adiutricem
592 2878 737 2963 peginam
762 2878 930 2943 latentium
954 2877 1108 2941 scrutator
1135 2877 1203 2941 ani-

79 3001 221 3061 momm,
259 2986 291 3047 et
313 2983 400 3061 ideo,
430 2982 564 3065 nequid
588 2983 670 3064 spud
693 3000 763 3046 eum
788 2979 884 3046 nostri
914 2980 1018 3045 deesse
1041 2980 1204 3063 continget

80 3085 238 3171 obsequii,
260 3085 376 3168 scripta
399 3086 547 3163 concessi,
572 3085 631 3151 etei
653 3083 913 3151 commendationi
941 3102 1001 3149 non
1023 3084 1202 3167 necessaria,

134 3314 283 3369 lmutatio
295 3314 410 3369 adcessit
427 3315 463 3381 B,
488 3288 725 3369 lacesssitrlrntatio
744 3314 804 3369 ΙΝ
899 3330 959 3368 cum
971 3314 1121 3368 mutatione
1133 3318 1203 3382 (eum

78 3436 110 3488 in
123 3451 177 3491 roa.
188 3452 223 3488 er.
237 3436 267 3498 2)
290 3435 321 3501 T,
347 3436 554 3490 commutatione
571 3437 586 3490 b
672 3435 834 3521 2inneoesso
847 3435 874 3491 Β
960 3434 977 3488 3
994 3406 1092 3517 {diense
1113 3436 1137 3489 T

76 3555 164 3609 inlesa
180 3556 240 3610 BV
323 3522 400 3610 dedim
414 3556 448 3622 P,
474 3555 609 3612 dedistit
708 3557 909 3611 tinnocentem
928 3556 1093 3642 innocentem
1110 3554 1136 3608 Β

76 3676 93 3728 5
111 3676 268 3744 exprobatio
289 3676 355 3731 T¹V
454 3676 597 3747 respicitur
606 3676 698 3774 'Sim
805 3678 821 3733 6
838 3676 985 3747 inquiritur
1003 3675 1093 3739 serm,
1120 3675 1204 3745 inspi-

76 3778 166 3833 ciatur
181 3779 225 3833 Po
312 3778 397 3848 omni]
415 3777 488 3833 dir
571 3779 705 3836 ducidinis
722 3781 750 3835 Β
838 3779 1063 3851 insgligentiam
1082 3778 1138 3831 ΒΤ

75 3854 247 3948 emtis
264 3882 292 3937 n
386 3883 418 3937 11
437 3882 617 3939 consideranti
637 3886 671 3940 n
769 3885 800 3939 12
818 3884 898 3939 ueris
915 3882 979 3939 ΒνΙ
1079 3883 1110 3935 13
1128 3896 1201 3949 prae

75 3966 182 4019 oumB
286 3967 455 4023 adsiduetate
472 3969 499 4023 Β

130 4069 203 4125 XVI.
239 4071 273 4126 18
284 4068 466 4141 panfronioT
549 4074 724 4130 comeanteT
813 4071 1135 4142 lemicensem

73 4154 111 4213 20
122 4154 250 4210 honerati
263 4153 362 4224 ΠΝ,
380 4157 506 4213 honorari
520 4157 583 4213 BL¹
681 4158 802 4229 contegit
813 4157 841 4211 B
939 4156 969 4211 21
991 4154 1084 4210 studea
1097 4154 1133 4210 Β

72 4259 109 4310 ’22
130 4258 248 4396 postop'at
265 4259 293 4312 Β
388 4259 421 4314 23
438 4233 497 4314 ileo
515 4260 542 4315 L
636 4259 698 4329 quit
718 4261 753 4315 Τι
840 4232 961 4329 contigat
980 4259 1007 4313 Β
1104 4259 1137 4313 24
1156 4260 1201 4314 ob·

71 4357 181 4412 εεᾳιιιιι
