2934 4934
1213 403 1252 450 xl

165 571 213 638 Ae
234 571 432 636 Basileenoes
459 572 539 652 qnod
567 569 693 654 ingenio
722 589 832 652 parum
856 570 1062 654 proiecerunt,
1090 575 1198 656 utpote
1220 574 1254 638 in

122 673 274 756 soriptore
288 676 355 739 tam
370 672 501 738 obeenro
518 677 549 738 et
565 672 726 751 febriente,
750 673 843 740 iaeile
871 673 1021 754 ieremne;
1044 676 1131 742 nullo
1147 680 1254 742 antem

122 776 215 840 modo
237 775 375 842 excusari
397 777 510 859 potest,
541 776 623 857 quod
655 795 725 842 oum
750 777 900 844 maiorem
922 778 1107 860 scriptorum
1131 782 1255 861 partem

125 898 162 944 ex
177 879 413 961 oorrnptieeimo
429 879 599 961 exemplari
614 879 697 962 typis
713 882 946 963 exprimendam
964 883 1117 962 cararent,
1142 882 1254 964 optimi

125 983 239 1050 cadius
261 981 413 1049 auxilinm
435 985 503 1048 tam
525 982 681 1050 obstinate
695 984 853 1067 aspernati
867 986 948 1051 eunt
979 1002 1054 1053 nam
1069 986 1254 1069 pererignne

125 1087 173 1152 eet
194 1087 332 1152 loeornm
354 1104 511 1164 numerus,
534 1085 588 1153 nbi
610 1083 707 1152 bonae
730 1088 798 1153 eine
818 1088 989 1170 aoriptnrae
1016 1093 1252 1168 rememorant,

122 1187 163 1254 ad
185 1188 315 1256 laennae
338 1187 524 1272 supplendae
542 1207 567 1254 e.
583 1209 614 1274 g.
641 1189 726 1268 19‚3
748 1193 795 1270 ut,
816 1188 905 1267 45,‘t
924 1209 998 1272 oua,
1021 1191 1074 1270 51,
1092 1194 1130 1256 11
1155 1211 1253 1274 aeque

126 1294 193 1375 (sed
226 1309 281 1376 pro
316 1293 394 1374 quia
430 1292 512 1374 qnod
547 1293 708 1376 praeeedit
742 1291 929 1375 scripturam
966 1293 1077 1360 oodioie
1108 1293 1134 1358 P
1170 1295 1255 1376 qaod

121 1396 364 1479 praetulerunt),
394 1396 445 1473 98,
470 1394 510 1461 16
532 1394 610 1460 mihi
639 1394 754 1476 debeat,
779 1397 851 1474 120,
881 1398 919 1462 21
944 1394 1091 1476 formam,
1113 1397 1188 1474 387,
1214 1399 1253 1464 18

45 1511 50 1524 ·
118 1517 194 1581 per,
232 1497 334 1564 rarius
372 1501 411 1564 ad
448 1498 560 1564 menda
593 1499 731 1566 tollenda
764 1518 792 1564 e.
826 1516 858 1583 g.
892 1499 945 1577 27,
978 1499 1022 1564 20
1055 1497 1164 1582 Oriepr'
1196 1519 1253 1583 pro

121 1601 267 1684 amatori,
299 1601 374 1686 425,
400 1603 415 1666 1
441 1602 591 1666 uearttoto
617 1619 673 1684 pro
703 1603 876 1668 maritatae
898 1619 933 1668 eo
954 1602 1015 1666 nei.
1050 1604 1186 1670 earmina
1207 1603 1253 1669 ibi

121 1704 275 1770 distinete
304 1705 467 1787 titulisque
496 1706 648 1789 insignita
675 1705 799 1790 integro
827 1724 976 1772 aerenum
1007 1705 1114 1770 ordine
1141 1708 1252 1772 ‹ieeur-

119 1826 203 1886 rere‚
232 1806 308 1874 dnm
337 1827 373 1876 ea
400 1808 483 1874 inP
511 1808 592 1874 inter
621 1826 655 1873 ee
683 1809 914 1892 eoniungnntar
945 1812 976 1872 et
1009 1808 1252 1888 amandantur,

119 1915 158 1976 ut
181 1911 312 1978 dieieeta
344 1930 452 1978 eornm
484 1912 625 1978 membra
646 1911 680 1976 in
703 1911 844 1978 ordinem
874 1911 975 1996 redigi
1007 1930 1096 1995 poseo
1130 1915 1253 1998 saepius

119 2015 185 2096 ipsi
208 2012 454 2095 desperarunt,
482 2032 521 2080 ne
543 2013 723 2082 obseruasee
746 2015 872 2097 quidem
898 2015 1053 2080 uidentur.
1088 2015 1177 2102 quasi
1200 2036 1252 2083 eoe

118 2118 199 2183 haee
222 2117 421 2202 neglegentia
443 2117 642 2198 paenituerit,
666 2119 738 2183 inde
761 2135 781 2182 a
802 2136 871 2201 pag.
888 2117 952 2186 332
974 2119 1089 2184 eodieis
1113 2120 1138 2184 B
1162 2119 1252 2185 leoti-

117 2240 197 2288 onee
219 2222 253 2286 in
275 2220 416 2305 margine
430 2220 672 2304 arimannorum,
696 2240 774 2304 qnae
789 2221 939 2288 Schottno
955 2221 994 2287 de
1009 2221 1129 2306 origine
1145 2240 1251 2290 eornm

117 2327 158 2390 nt
181 2323 304 2390 uidetur
327 2325 463 2390 incertus
486 2322 519 2388 in
541 2324 775 2390 adnotationem
790 2324 998 2410 marginalem
1014 2344 1088 2392 suae
1104 2325 1249 2393 editionis

121 2427 251 2510 reeepir.

167 2549 248 2614 And.
285 2548 430 2614 Schottne
464 2551 502 2614 de
539 2547 693 2614 Societato
729 2551 802 2616 Ieen
838 2550 910 2632 poet
946 2549 1140 2618 Baaileeneee
1175 2551 1249 2616 Tor·
1277 2560 1351 2642 naeu

116 2651 191 2717 nae
225 2639 418 2720 eremum
455 2651 552 2718 uiae
587 2651 692 2718 ‘Beato
723 2651 871 2717 moero·
905 2652 1082 2718 racemosa
1114 2654 1252 2737 apocope
1268 2631 1362 2674 Μ’·

119 2754 228 2836 opera
258 2775 339 2836 quae
365 2755 499 2836 reperiri
526 2759 714 2837 puerunt,
748 2756 879 2820 omnio:
914 2756 952 2820 r'rr
986 2775 1104 2822 auersa
1127 2757 1252 2841 pagiua

117 2858 285 2924 reeerreita.
329 2856 458 2924 Partim
494 2859 577 2924 edito
615 2879 700 2924 aureo
729 2861 893 2942 pomam,
925 2860 1050 2940 partim
1084 2862 1252 2927 emendata

119 2961 266 3042 eamear
297 2959 480 3026 utourora'.
515 2964 552 3029 de
587 2962 634 3028 his
667 2979 747 3045 qnae
779 2980 860 3028 noua
886 2968 1085 3030 aeoeeeerant
1113 2965 1148 3028 in
1174 2964 1251 3048 Epi·

118 3064 202 3130 stola
252 3063 440 3130 dedimtoria
482 3064 523 3129 ad
567 3062 658 3130 earo.
702 3067 926 3134 Borromaeam
968 3067 1251 3136 Mediolaneneinm

117 3166 314 3250 Arohiepiao.
338 3185 504 3250 eorumque
532 3167 619 3233 fonte
641 3168 718 3236 haee
739 3169 850 3236 habet:
885 3169 1056 3234 iuteruotie
1083 3175 1112 3236 et
1144 3170 1250 3238 Orati·

118 3268 232 3334 onom
260 3267 386 3348 habitis,
414 3274 450 3333 ut
476 3274 538 3336 uuo
559 3271 685 3354 guidem
712 3276 831 3356 integre
852 3292 890 3338 ea
912 3277 1040 3354 optimis
1060 3274 1252 3340 mamonis

119 3371 159 3438 iro
180 3370 326 3437 Mortuis
345 3371 524 3456 Belgarum
551 3373 675 3440 ultimis
696 3375 797 3457 ouda
821 3395 843 3440 a
867 3394 917 3440 rue
943 3376 1089 3458 repertio,
1120 3377 1251 3442 odedum

120 3480 315 3540 eurauimue.
349 3473 502 3542 Poemata
532 3477 575 3541 od
604 3476 678 3543 toea
699 3497 794 3544 soora
815 3478 916 3542 utute
938 3477 1054 3556 aare,
1086 3480 1250 3558 murrata,

121 3595 160 3642 ae
189 3577 325 3642 diri-eota
358 3577 435 3644 otim
462 3579 664 3646 Bositeeusee
696 3601 808 3664 operae
837 3582 874 3646 iu
903 3580 1252 3666 Ortodoaogroptorum

121 3680 286 3746 uolumine
307 3687 426 3764 supino
447 3683 588 3766 quodam
610 3683 757 3772 ῥαθυμίᾳ
771 3686 975 3769 euulgaraut,
997 3689 1030 3750 et
1044 3687 1150 3768 panllo
1164 3689 1251 3769 poet:

120 3781 275 3850 Poemata
297 3784 340 3850 aa
372 3785 456 3852 taur
489 3786 573 3854 diem
600 3789 699 3854 nimis
733 3789 841 3856 loeera
867 3793 959 3871 moure
992 3793 1137 3874 traiecto,
1171 3809 1251 3872 quoe

121 3907 217 3972 uuae,
247 3893 405 3970 quautam
432 3891 531 3956 auius
559 3911 614 3974 ope
636 3892 750 3958 codicia
773 3892 875 3978 rouo,
905 3892 1142 3962 coustitutum.-
1174 3892 1252 3956 reti·

120 4010 245 4074 qaoque
267 3990 359 4056 tibris
373 3996 400 4058 et
414 3991 573 4076 Faoietotr'e
594 3994 812 4077 distinximus,
836 3995 873 4061 iu
895 3996 1097 4078 ordinemque
1118 3995 1250 4080 diamet-

123 4113 201 4175 mue,
225 4096 344 4158 aetatis
365 4094 533 4179 diligenter
550 4096 592 4162 od
607 4117 698 4165 oram
719 4098 884 4164 uariaatr'e
904 4100 1090 4180 scripturae,
1112 4104 1149 4163 ut
1170 4119 1249 4165 corre·

118 4197 202 4277 pour'
231 4197 384 4264 commode
406 4204 536 4282 possent
542 4250 552 4286 ‚
588 4201 783 4280 aaronitas,
817 4221 856 4268 aa
876 4202 1078 4280 eoukoturis,
1111 4223 1250 4285 quarum

118 4299 288 4384 pleraeque
308 4302 345 4366 ia
367 4301 469 4368 Notae
491 4303 688 4384 conterimus,
710 4304 928 4388 strutionum
952 4306 1033 4389 quod
1047 4307 1151 4383 aeaut,
1174 4306 1248 4372 oae-
