2934 4934
226 341 287 407 120
581 335 698 405 lingui
714 334 842 390 Felieia
859 333 990 389 Ennodi

224 528 263 595 de
286 524 475 593 abstinentia
501 524 692 591 labessamm
714 523 871 591 exeusatio
893 522 974 603 illis,
1007 526 1061 607 qui
1089 523 1232 607 publioae
1258 520 1351 589 utili·

225 630 301 699 tatis
316 629 433 699 muniis
454 631 659 712 oooupantur:
682 628 806 695 ueniam
821 646 882 695 non
897 631 1046 709 meretur,
1068 628 1096 693 si
1117 629 1157 694 ab
1172 625 1352 709 scriptionis

224 733 417 801 adsiduitate
442 734 595 817 temperet
615 732 789 801 absolutus.
833 732 952 814 liquido
974 731 1140 799 eonfitetnr
1161 731 1276 797 amoris
1298 747 1350 795 ne

116 875 118 879 -
223 836 417 924 glegentiam
439 838 493 919 qni
515 853 585 903 oum
609 836 710 919 pessit
730 836 892 920 epistulas,
915 835 948 901 in
970 834 1082 918 ombus
1104 838 1153 902 eat
1176 832 1350 899 niieotionis

224 941 384 1027 pabulum,
417 960 479 1007 non
499 938 675 1007 ministrat:
707 956 792 1005 error
825 940 914 1007 otiosi
936 942 1000 1023 est,
1033 940 1060 1003 si
1092 938 1172 1005 bene
1200 939 1383 1021 oonpertae

223 1062 312 1113 mans
345 1063 399 1126 per
425 1043 553 1128 linguae
584 1042 677 1113 ferias
699 1042 884 1110 desideratis
912 1042 1096 1111 adtenuatur
1125 1040 1250 1125 inposta
1277 1057 1351 1105 oon·

226 1146 347 1231 loquiie.
370 1148 425 1213 sed
446 1146 529 1213 siout
551 1164 607 1213 nos
628 1145 813 1231 religionem
834 1145 957 1230 gratiae
978 1145 1084 1213 fouere
1098 1144 1244 1211 oonuenit
1266 1143 1350 1209 euris

226 1251 436 1319 saeoularibus
459 1250 503 1317 nil
526 1251 686 1331 debentes,
708 1252 763 1329 ita,
787 1250 849 1316 nisi
871 1249 1056 1334 magnitudo
1077 1250 1185 1315 uestra
1206 1247 1351 1333 partibus

224 1354 291 1421 suis
312 1353 447 1421 adfuerit
467 1353 718 1438 promulgatione
752 1352 908 1438 responsi,
944 1350 1102 1419 damnatis
1135 1351 1231 1435 probe
1265 1350 1353 1417 faeta

225 1459 392 1537 retioendo,
415 1458 487 1540 quia
508 1456 705 1521 sitellantur
721 1456 893 1522 uirtutibus
908 1456 1061 1538 praemia,
1076 1473 1170 1539 quem
1190 1452 1351 1521 laborasse
1362 1474 1387 1514 ιο

225 1578 288 1625 non
302 1560 443 1645 pudeat?
464 1578 543 1637 oooe,
559 1563 713 1644 quantum
728 1559 870 1640 aestimo,
885 1558 974 1626 breui
989 1560 1127 1625 elooutus
1146 1561 1351 1642 utrorumque

225 1664 419 1751 propositum
451 1664 555 1730 animo
578 1682 648 1730 meo
679 1664 762 1729 malo
792 1680 858 1729 esse
881 1662 1045 1748 eonfiteor,
1078 1662 1160 1747 quod
1190 1662 1352 1728 remeante

225 1766 434 1851 Montanum,
456 1786 528 1833 eum
543 1766 697 1833 dedissem
719 1765 859 1852 paginas,
883 1784 945 1832 non
966 1765 1079 1850 reoepi,
1102 1766 1183 1849 quod
1205 1764 1351 1831 debitum

228 1886 319 1954 poseo
340 1871 410 1955 lege
431 1869 565 1948 restitui,
587 1870 706 1954 pudore
727 1868 889 1953 geminari.
927 1870 1113 1948 nonensis,
1141 1869 1186 1934 mi
1214 1866 1350 1949 domina,

226 1978 258 2040 et
283 1975 424 2039 nestum
457 1990 623 2056 quaerens,
662 1972 820 2058 propriam
853 1973 1001 2038 nuntians
1034 1973 1219 2056 sospitatem
1257 1972 1386 2039 deumne

225 2094 341 2160 precor,
365 2079 402 2142 ut
423 2076 451 2145 si
472 2078 536 2143 mei
558 2095 675 2143 memor
697 2081 756 2156 est,
778 2092 924 2163 prospera
945 2081 1050 2143 uestra
1071 2076 1271 2163 multiplioet.

712 2280 863 2347 XXXIII.

600 2434 783 2491 ENNODIVS
810 2433 974 2491 enuntio.

267 2554 302 2623 Si
322 2574 411 2623 amor
440 2557 553 2641 pudori
573 2557 804 2641 adquiesoeret‚
834 2558 862 2623 si
885 2558 1025 2625 oaritatis
1053 2556 1239 2643 inpatientia
1261 2575 1353 2623 uere-
1457 2534 1458 2599 3

224 2659 355 2727 eundiae
385 2661 455 2744 lepe
476 2663 651 2746 teneretur,
685 2681 705 2730 a
732 2661 931 2749 paginalibus
953 2662 1065 2729 offioiis
1088 2664 1297 2745 temperarem
1319 2662 1388 2727 atae

224 2762 344 2829 silentii
375 2763 510 2831 formam
543 2765 641 2831 uestri
670 2765 813 2833 imitator
841 2766 1051 2845 adsumerent,
1085 2783 1144 2833 non
1168 2766 1353 2851 inprouidus

225 2868 409 2935 aestimator
441 2868 593 2935 oonioieus
627 2869 702 2949 illa,
736 2868 849 2954 quibus
876 2868 1084 2935 remuneratio
1112 2868 1241 2937 euobis
1274 2868 1353 2937 sub·

225 2971 376 3049 trahitur,
410 2990 472 3037 non
504 2972 605 3039 amari
634 2990 692 3039 neo
720 2972 844 3039 suaderi
872 2972 995 3039 taoilius
1028 2972 1217 3039 tabellarum
1250 2973 1352 3039 absti-

227 3074 366 3141 nentiam
387 3092 483 3157 quam
504 3075 649 3154 terendo,
678 3075 763 3141 uiros
791 3074 1005 3141 comitatensis
1041 3076 1179 3142 exereitii
1205 3095 1261 3159 per
1289 3078 1353 3143 lin-

225 3195 308 3265 guae
330 3176 424 3242 terias
447 3176 582 3244 olamare
596 3178 672 3261 quid
694 3180 853 3262 respuant
877 3181 931 3247 sed
953 3180 1082 3247 nonita
1105 3182 1154 3246 est
1168 3180 1387 3266 magnitudon

275 3433 293 3488 2
314 3432 415 3488 muniis
438 3433 500 3500 Pb,
526 3447 626 3487 munus
649 3431 779 3501 ΒΒΤΨ,
804 3434 959 3491 muneribus
985 3435 1020 3491 Ρ
1128 3435 1172 3507 ab]
1194 3454 1212 3493 a
1235 3440 1283 3495 Pb

224 3522 242 3576 a
260 3519 443 3589 wau-troam
460 3520 500 3591 (te
516 3522 598 3589 eree.)
614 3520 641 3577 L
736 3520 933 3593 negligentiam
949 3520 1005 3577 BT
1093 3524 1112 3579 4
1127 3528 1170 3578 ost
1189 3524 1216 3581 1'
1231 3526 1283 3583 al

224 3607 241 3663 ὅ
267 3606 364 3690 ooeioai
391 3607 417 3663 I*
517 3605 534 3661 7
559 3607 650 3676 gratia
674 3607 712 3675 Β,
738 3608 827 3663 anime
853 3608 878 3663 T
978 3609 995 3662 9
1021 3607 1131 3665 affuerit
1155 3609 1284 3667 LPTVb

222 3710 379 3780 dampnatis
397 3710 429 3777 T,
452 3710 593 3767 damnabo
610 3710 638 3767 Β
739 3714 771 3769 11
789 3714 964 3783 uterumque
980 3711 1008 3768 Β
1105 3713 1139 3768 13
1154 3714 1237 3784 recipi
1255 3715 1284 3771 Β

225 3796 260 3853 14
280 3794 378 3865 podere
400 3795 441 3852 Βι
544 3798 677 3867 geminati
701 3798 737 3851 P
839 3798 874 3853 15
898 3813 1014 3869 querens
1037 3798 1066 3853 Β
1169 3800 1202 3855 16
1224 3816 1354 3859 memore·

224 3883 264 3941 11¹
281 3899 308 3939 m
325 3898 396 3938 aaa.
415 3887 441 3938 et
458 3898 486 3937 re
502 3884 535 3939 io
551 3889 581 3938 re
598 3900 670 3941 oorr.
686 3902 721 3941 ro.
739 3892 798 3941 eost.
901 3884 1075 3955 multiplioetl
1094 3884 1156 3941 duit
1173 3886 1238 3943 add.
1258 3886 1287 3942 Β

276 4001 405 4059 XXXIII.
441 4004 475 4059 le
491 4003 591 4073 pudore
606 4006 672 4074 fort.
710 4010 742 4061 ”t
769 3998 932 4075 idpaoientia
948 4005 977 4061 Β
1078 4008 1113 4065 20
1130 3978 1237 4062 ωηῖτιπ
1256 4007 1285 4063 L

224 4089 259 4145 21
275 4090 379 4144 silentii
395 4092 428 4147 iso
443 4090 583 4147 silentium
599 4106 671 4147 eorr-
691 4091 797 4149 Teati
892 4092 1006 4147 formam
1023 4092 1076 4161 Bb,
1104 4109 1156 4151 em.
1176 4091 1288 4151 LPTV

225 4174 351 4230 imitatur
367 4178 395 4232 Β
498 4178 646 4248 improuide
663 4177 707 4233 Po
809 4178 844 4233 22
868 4179 1027 4235 aestimetur
1044 4179 1072 4233 B
1175 4179 1353 4239 subtrahetur

224 4260 253 4316 Β
355 4262 391 4317 24
410 4262 468 4318 uiro
485 4264 612 4319 oomittat
628 4264 700 4321 aneia
717 4263 763 4321 Bo
