2934 4934
582 362 698 416 Dictio
720 362 768 417 VI.
1178 364 1242 427 441

107 556 234 620 dicente
268 554 424 636 apostolo:
461 573 534 621 uae
567 556 667 619 enim
694 553 795 618 mihi
823 554 899 629 est,
934 552 1010 617 nisi
1039 552 1243 637 euangeli-

106 676 266 737 zauero‚
302 660 333 723 et
362 658 455 723 alibi:
484 662 643 743 tempus
673 656 842 723 tacendi.
877 673 933 721 nos
955 657 1138 739 praecipue,
1165 676 1243 740 quoe

106 762 243 844 praelati
281 762 392 827 ceteris
426 762 571 827 hortatur
603 762 724 846 pondus
758 760 916 843 obsequii,
950 761 1038 825 decet
1071 764 1127 827 eut
1160 760 1244 826 bona

106 864 260 930 facientes
283 866 405 931 eleuare
428 867 484 931 snt
506 866 592 932 mala
615 866 817 947 conprimere.
851 863 1033 945 etquidem
1056 880 1111 928 uos
1134 863 1243 929 docere

83 988 170 1035 enon
195 968 281 1033 aliud
297 972 346 1033 est
364 988 458 1051 quarn
476 969 621 1034 stimulos
639 968 815 1033 admouisse
832 966 1047 1033 currentibus:
1069 986 1143 1033 uanr
1160 967 1243 1049 quod

105 1090 143 1137 er
166 1073 324 1153 proposito
347 1072 460 1149 facitis,
483 1070 753 1153 superbiarum,
782 1074 810 1136 ei
831 1072 949 1137 nostris
972 1071 1151 1135 debendum
1173 1088 1241 1135 cre·

104 1176 211 1239 dimus
234 1175 400 1240 institutis
430 1176 485 1239 sed
508 1175 560 1257 qui
585 1177 664 1241 bona
692 1175 798 1240 studia
824 1177 937 1258 probat
966 1173 1148 1256 amplificat.
1178 1179 1243 1241 stat

103 1279 189 1359 apud
205 1279 410 1343 conscientias
426 1280 561 1358 uestrae,
574 1280 691 1361 quanta
703 1278 870 1343 Nestorius
883 1282 917 1343 et
933 1278 1099 1359 Eutyches,
1114 1278 1243 1360 gemina

104 1380 279 1445 diabolicae
302 1380 534 1447 informationis
550 1384 683 1461 ostenta,
708 1381 763 1446 diu
779 1381 898 1453 castam
917 1380 1119 1447 ecclesiarum
1141 1382 1243 1447 orien-

70 1507 95 1547 10
104 1483 222 1549 talium
244 1483 445 1567 disciplinam
464 1484 611 1565 perfidias
634 1484 837 1550 fornicatione
858 1483 1063 1565 corruperint,
1087 1485 1141 1564 qui
1155 1484 1244 1549 iuxta

102 1588 296 1653 sententiam
329 1587 462 1668 apostoli
505 1587 768 1652 dilectionem
806 1587 999 1651 ueritatis
1028 1604 1105 1651 non
1133 1605 1242 1653 rece·

103 1695 262 1773 parunt,
297 1692 339 1754 ut
368 1692 478 1756 salui
506 1691 671 1775 fierent,
705 1698 744 1756 et
770 1691 860 1757 ideo
887 1691 999 1756 misit
1026 1690 1118 1755 illis
1146 1692 1242 1757 deus

104 1795 379 1876 operationem
408 1795 572 1872 erroris,
606 1795 649 1859 ut
677 1796 884 1860 crederent
912 1794 1131 1873 mendacio,
1165 1794 1241 1864 dum

103 1916 159 1979 per
184 1896 409 1979 subripientem
432 1900 571 1965 scandali
593 1900 789 1965 occasionem
804 1896 921 1963 Christi
948 1898 1068 1965 milites
1090 1897 1145 1963 ille
1168 1916 1241 1964 con·

70 2001 282 2066 retentionem
312 2019 442 2083 campus
476 2002 650 2085 examinat,
685 2001 768 2068 sicut
801 2000 956 2083 scriptum
985 2003 1050 2067 est:
1084 2003 1241 2083 oportet

104 2122 191 2168 esse
220 2104 458 2182 certamina,
495 2106 537 2168 ut
568 2104 729 2186 probati
758 2104 966 2171 manifesti
1000 2105 1113 2170 fiant.
1158 2108 1242 2191 apud

102 2226 198 2289 quem
221 2206 480 2273 Chalcedonensis
504 2226 566 2273 non
589 2208 672 2273 uiuit
695 2210 951 2273 commemoratio
965 2211 1144 2275 ueneranda
1166 2226 1240 2275 con·

104 2309 181 2387 culi,
205 2311 238 2374 in
261 2328 321 2393 quo
337 2310 506 2375 Dioscorus
530 2328 604 2375 cunr
619 2310 828 2377 sectatoribus
843 2312 908 2377 suis
931 2312 1004 2377 stilo
1027 2310 1097 2394 piae
1112 2312 1240 2379 distric-

103 2415 198 2479 tionis
228 2412 373 2478 addictus
408 2414 454 2477 est
484 2418 515 2478 et
544 2416 670 2479 sanctae
705 2415 874 2479 memoriae
902 2414 1049 2480 Flauiani
1082 2415 1242 2483 adoranda

73 2522 309 2583 nmonumonta
331 2518 472 2581 exultans
496 2516 846 2599 Constantinopolitano
867 2519 981 2584 ciuitas
997 2520 1125 2601 recepit,
1150 2520 1239 2585 onius

104 2624 166 2685 iarn
196 2620 319 2703 pridem
352 2620 556 2686 firmauerunt
588 2621 737 2687 caelestia
770 2624 897 2687 decreta
928 2623 1142 2689 sententiam?
1185 2624 1240 2690 ubi

104 2725 247 2805 gentium
269 2725 453 2789 Timotheus
475 2726 650 2808 ignoratur,
673 2725 730 2809 qni
750 2730 877 2808 propter
898 2727 1117 2807 suspiciendae
1139 2746 1240 2792 recor-

104 2826 240 2892 dationis
255 2826 379 2891 Proteri
397 2829 522 2893 caedem
545 2827 612 2892 fieri
635 2827 706 2911 plus
731 2846 826 2909 quam
840 2828 997 2911 parricide
1012 2848 1073 2895 non
1096 2829 1240 2894 horruit?

104 2948 178 2994 nam
201 2931 281 2995 sacri
304 2930 520 3012 persecutione
542 2930 699 3013 pontilicis
724 2934 756 2995 et
775 2949 890 3013 genera
913 2932 1083 2999 criminum
1104 2932 1185 2997 uicit
1206 2936 1240 2997 et

73 3034 240 3099 renomina.
270 3033 368 3099 scitur
391 3034 503 3099 Petrus
527 3038 559 3099 et
574 3034 673 3118 Cyrus
694 3039 726 3099 et
742 3035 937 3114 Timotheus,
961 3036 1017 3119 qui
1029 3036 1107 3101 dum
1124 3035 1240 3103 iacenti

103 3156 233 3201 manum
255 3138 402 3203 Dioscoro
425 3140 601 3221 porrigunt,
625 3143 831 3205 conruerunt:
854 3138 887 3205 hi
911 3143 949 3206 de
963 3158 1159 3223 praecessore
1181 3156 1239 3203 suo

206 3327 222 3379 1
248 3322 383 3391 Iconii,
403 3324 436 3379 16
539 3326 556 3378 2
583 3324 681 3381 hales.
705 3326 766 3391 3,7
871 3327 902 3381 11
931 3325 1171 3392 IIThess.2,10

104 3412 136 3465 15
162 3412 255 3467 ICor.
274 3414 315 3477 11,
336 3413 369 3466 19

152 3583 261 3638 leninr
279 3582 401 3653 apostolo
419 3600 467 3638 uae
486 3586 530 3651 (ne
551 3586 586 3651 Τ)
605 3584 707 3639 LTVb
813 3585 868 3638 nisi
885 3584 926 3651 Β,
953 3586 977 3639 si
996 3602 1047 3640 non
1067 3585 1167 3640 LTVb

101 3686 291 3755 ipraeeipuae
309 3686 344 3753 Β,
373 3688 496 3756 precipue
521 3688 545 3741 V
646 3690 662 3743 5
687 3676 831 3745 erubuisse
854 3690 882 3744 B
985 3691 1162 3759 currentibus]
1183 3690 1237 3744 oal-

102 3772 208 3826 csribus
226 3772 273 3827 Pb
377 3774 546 3843 lipreposito
564 3774 663 3828 facetos
681 3774 710 3831 Β
812 3775 973 3831 8nestorus
991 3776 1019 3831 L
1117 3774 1237 3829 euthices

101 3856 213 3923 LPTV,
233 3858 346 3913 euthicis
359 3857 387 3911 Β
484 3858 516 3913 13
528 3860 665 3913 mendatio
676 3860 703 3913 B
800 3861 833 3915 14
845 3861 1031 3930 subrepentem
1044 3867 1169 3930 expectes

102 3944 177 3997 cristi
196 3944 223 3997 Β
347 3944 378 3999 11
397 3942 586 3999 calcidonensis
604 3946 669 4001 libri
790 3947 866 4001 uiuet
884 3948 912 4001 Β
1028 3949 1061 4002 18
1080 3948 1123 4017 pie
1140 3947 1167 4001 Β

101 4029 134 4082 22
156 4030 285 4085 tirnoteus
309 4028 336 4084 Β
439 4030 624 4099 suscipiendae
646 4032 760 4098 LTVb,
788 4034 956 4103 suscipiende
979 4033 1046 4099 BP;
1074 4049 1122 4088 ene
1146 4033 1237 4088 mdo

102 4119 160 4184 prete
263 4117 298 4171 23
314 4116 432 4172 Proterii
450 4114 532 4171 Sirm.
638 4120 726 4173 cedem
745 4121 858 4176 LPTV
954 4120 1073 4190 paricida
1091 4119 1126 4185 Β,
1153 4120 1237 4189 patri·

102 4203 192 4259 oidab
295 4204 330 4258 24
353 4208 381 4258 et
405 4218 454 4259 om.
483 4204 509 4257 Τ
610 4205 681 4261 uitet
700 4206 728 4260 Β
831 4207 865 4262 26
888 4207 1023 4262 dioscorus
1045 4206 1074 4260 Β
1178 4220 1236 4275 pre·

102 4304 201 4345 caesore
219 4290 248 4345 Β
950 4291 953 4300 ’
