2934 4934
425 402 660 473 Epistularum
684 402 774 458 libor
791 401 883 458 VIIII.
1154 404 1217 472 25⁴1

582 623 730 693 XXXIII.

226 843 228 848 ,
356 795 541 854 eunomus
568 795 744 854 wasto
770 793 949 852 namucno.

127 937 221 1020 Quod
255 956 310 1022 spe
344 953 560 1021 praeceperam
593 935 706 1002 litteris
736 936 908 1011 indicastis.
954 951 1027 1001 nam
1049 937 1217 1003 neumandi

86 1041 340 1128 promulgatIcne
353 1040 519 1124 conloquii,
532 1040 606 1123 quid
618 1036 761 1107 eoelestis
771 1040 941 1122 imperator
951 1039 1101 1105 domnam
1112 1057 1217 1123 regem

66 1145 172 1211 eeirca
194 1161 250 1210 noe
274 1143 375 1212 facere
399 1141 604 1227 conpelleret,
634 1141 763 1227 agnoui:
792 1160 849 1226 ego
871 1159 956 1221 snm,
981 1141 1032 1207 cni
1053 1143 1216 1226 postquam

86 1248 240 1313 meritum
262 1249 404 1312 nestrum
426 1247 537 1329 patuit,
560 1263 755 1329 nequaquam
785 1263 819 1310 ee
839 1245 977 1311 felicitas
1006 1245 1138 1310 actionis
1160 1249 1216 1312 ab-

86 1349 223 1417 scondit.
270 1349 323 1435 qui
351 1349 515 1416 homiuum
543 1347 737 1414 nobiliseImo
765 1349 797 1414 in
819 1345 940 1414 Christi
963 1349 1117 1414 seruitute
1137 1365 1215 1432 pon-

86 1454 168 1520 tifici
193 1456 330 1520 terrenae
354 1449 579 1518 dominationes
601 1451 722 1518 nesciat
745 1469 810 1517 esse
832 1450 988 1518 sublectae
1011 1454 1043 1516 ct
1063 1454 1217 1519 minacem

86 1557 171 1641 regis
187 1553 361 1639 potentiam
376 1555 574 1622 innocentiae
589 1555 761 1622 obiectione
775 1553 937 1637 superari?
962 1553 1085 1636 qnando
1099 1555 1216 1637 prinoi-

55 1661 168 1740 opalis
192 1675 330 1744 purpura
348 1663 404 1724 aut
420 1657 523 1726 cilicia
538 1659 677 1741 despexit
699 1661 755 1724 aut
768 1656 926 1742 pallium?
946 1655 1069 1740 quaudo
1084 1657 1215 1725 libertas

85 1761 144 1828 illa
167 1762 333 1852 potissima
355 1761 487 1827 credidit
504 1761 564 1827 eibi
580 1764 652 1827 ante
667 1759 876 1827 Christianam
890 1759 1107 1827 humilitatem
1122 1760 1214 1828 licere

85 1865 171 1948 quod
194 1865 318 1931 uoluit?
340 1869 395 1933 aut
417 1864 540 1947 quando
563 1865 591 1930 ei
613 1863 706 1930 licuit
728 1863 809 1930 uelle
835 1863 916 1946 quod
938 1862 1098 1929 laederet?
1134 1867 1215 1947 quod

85 1971 110 2033 si
135 1968 221 2034 inter
249 1967 326 2034 haec
354 1987 448 2036 canae
476 1968 588 2034 aetatis
616 1967 757 2050 exempla
788 1966 964 2032 recolantur
996 1969 1028 2031 et
1049 1967 1215 2033 sasoniam

85 2072 172 2136 cirea
201 2071 337 2138 cultores
371 2072 420 2138 dei
453 2072 650 2156 tyrannicam
682 2071 813 2136 reducas
845 2069 879 2136 in
913 2068 1070 2151 medinm,
1098 2070 1214 2137 scimus

54 2174 163 2258 aquia
186 2175 224 2241 ab
241 2174 305 2242 illis
317 2176 416 2242 nostri
428 2175 584 2259 dogmatis
599 2177 780 2252 sectatores,
796 2192 834 2240 ne
849 2190 999 2256 nmquam
1010 2177 1213 2253 morerentur,

86 2279 182 2344 coelsi
210 2279 295 2345 suut.
335 2279 411 2344 tunc
437 2276 594 2344 militibus
622 2279 688 2344 suis
711 2279 811 2344 uitam
833 2282 865 2343 et
888 2278 1104 2343 aeternitatem
1128 2276 1215 2344 obse-

87 2383 203 2464 quente
213 2380 319 2464 gladIo
330 2382 497 2464 perpetuus
512 2381 567 2446 ille
578 2381 639 2446 dux
650 2379 798 2446 contudit:
814 2379 863 2446 illi
874 2379 1072 2446 inimicorum
1088 2380 1214 2447 suorum

85 2483 264 2550 minIsterm
285 2483 489 2567 perdiderunt
511 2482 711 2567 originariam
733 2483 901 2551 uilitatem.
945 2487 987 2560 te,
1011 2485 1055 2550 mi
1077 2483 1212 2563 domine,

85 2587 119 2651 in
142 2586 217 2652 orbe
239 2585 303 2652 iam
325 2587 504 2653 Christiano
534 2587 610 2652 diua
637 2588 689 2653 lex
718 2588 839 2669 peperit
867 2590 897 2652 et
925 2586 1087 2670 apostolici
1109 2584 1213 2652 uberis

53 2689 168 2756 slaete
185 2688 335 2755 nutriuit:
360 2695 395 2755 tu
410 2693 526 2756 eeteros
542 2690 630 2754 uelut
646 2689 720 2756 solis
736 2689 918 2772 magnitudo
932 2689 1028 2756 astris
1042 2689 1213 2754 minoribus

86 2794 254 2876 conparata
282 2792 526 2877 transgrederis=
556 2793 589 2858 te
616 2791 671 2875 qui
698 2791 856 2858 interioria
885 2792 1022 2858 hominis
1044 2793 1142 2857 oculis
1164 2792 1212 2856 in·

86 2895 189 2978 spexit
210 2897 386 2962 Instmctns
407 2896 464 2960 est.
487 2914 561 2962 nam
583 2913 655 2968 cnm
677 2897 709 2960 et
727 2893 807 2960 facie
827 2893 1011 2977 ipsafoueas
1032 2895 1211 2977 puritatem,

87 2999 306 3081 delinquentes
327 2999 439 3066 feriato
463 3017 517 3064 oro
538 3000 684 3083 castigas.
729 2996 804 3063 boni
826 2997 866 3064 de
888 2997 1125 3064 conuersatione
1146 3001 1212 3071 tna,

86 3119 280 3185 quocumque
311 3102 509 3185 processeris,
541 3101 697 3169 imitanda
730 3100 910 3168 inueniunt:
950 3099 1042 3168 mdis
1063 3100 1212 3186 tugiema

53 3225 76 3266 a
86 3204 352 3272 demonstrantur.
376 3204 489 3278 beatus
504 3206 550 3285 tu,
566 3205 616 3270 eui
631 3223 650 3270 a
665 3204 722 3270 deo
737 3203 892 3270 tributum
907 3206 966 3286 est,
988 3204 1026 3269 ut
1040 3204 1073 3269 et
1085 3203 1212 3270 monitis

134 3492 265 3550 XXXIII
301 3493 317 3546 2
341 3493 441 3548 cesario
467 3493 502 3564 Τ,
532 3509 631 3548 cessare
654 3491 680 3546 L
783 3493 915 3564 episeopo]
935 3492 1077 3547 arelatensi
1100 3491 1165 3547 odet
1184 3493 1211 3545 Β

87 3597 117 3635 m.
135 3597 191 3634 ree.
293 3577 311 3633 3
334 3595 387 3647 quc
412 3577 439 3633 L
541 3579 720 3649 praeciperem
744 3576 808 3646 LV,
834 3578 993 3648 preciporam
1011 3577 1039 3632 Β
1139 3577 1211 3634 indi-

85 3669 171 3720 cantes
189 3665 217 3720 Β
319 3665 391 3735 nam]
410 3679 462 3718 non
481 3665 508 3720 L
610 3665 627 3718 5
651 3665 729 3734 citos]
749 3665 789 3718 cir
807 3664 835 3719 Β
935 3665 953 3718 6
969 3661 1097 3718 abscondi
1115 3663 1142 3717 L

85 3752 99 3805 1
115 3755 145 3806 in
160 3767 211 3808 orn.
228 3751 256 3805 B
351 3751 368 3805 8
385 3765 523 3806 menatem
542 3750 577 3814 B,
601 3751 727 3804 minacem
746 3749 773 3805 L
867 3750 972 3819 llrcgis
990 3747 1026 3817 B,
1051 3749 1104 3803 reis
1123 3747 1210 3812 LI'V,

83 3841 119 3892 roi
138 3838 188 3894 Pb
286 3836 434 3893 obiectione
453 3835 479 3892 L
581 3835 741 3906 principales
759 3836 826 3890 ΒΨ
929 3837 964 3892 10
982 3850 1097 3905 purpora
1115 3834 1143 3889 Β

83 3933 168 3988 cilitia
185 3932 227 3995 Β,
254 3931 342 3986 silicia
358 3929 386 3986 L
487 3930 593 4000 despexi
610 3931 651 3997 L,
677 3930 794 3999 dispexit
811 3931 839 3985 Β
941 3931 972 3986 11
997 3929 1154 3987 cristianam
1172 3927 1208 3995 B,

83 4027 262 4083 christianum
283 4025 311 4082 L
414 4023 447 4078 12
471 4023 495 4078 ei
513 4040 562 4080 om.
586 4025 614 4079 L
715 4022 815 4079 lederet
837 4025 865 4078 B
969 4024 1002 4078 13
1026 4038 1091 4079 cane
1114 4023 1142 4077 Β

84 4121 210 4176 coniciam
227 4120 264 4185 B,
288 4119 416 4177 sonuum
434 4120 462 4176 L
554 4121 587 4176 15
603 4121 767 4176 morirentur
785 4117 813 4174 L
904 4118 937 4172 16
954 4121 982 4172 et
1000 4132 1051 4173 ona
1069 4116 1140 4173 LPt

84 4215 114 4268 11
133 4218 273 4285 perpetuos
291 4213 319 4268 Β
419 4216 452 4270 19
468 4215 596 4272 crIstiano
615 4214 642 4270 Β
738 4213 863 4268 diuinab
958 4211 993 4286 21)
1009 4212 1096 4267 lactu
1114 4211 1142 4266 Β

83 4334 115 4389 21
135 4308 316 4406 transgrederis
334 4337 361 4391 Β
465 4335 499 4391 22
518 4340 623 4392 etcum
642 4335 722 4392 Sim

135 4437 181 4493 Vl.
1073 4434 1106 4489 ll
