2934 4934
1152 403 1252 450 xxvn

262 576 316 644 Sic
337 576 444 657 fuerin
466 578 618 657 quonium
640 577 755 640 terreris
778 574 906 640 eductos
926 575 967 640 ob
989 574 1097 656 coreis,

377 679 432 744 Aci
455 680 580 744 ruoioro
601 697 695 744 senec
716 678 849 742 uousiit
870 678 1018 758 imperio.

116 799 352 866 cohaerentiam
375 801 548 866 carminum
571 799 614 866 82
636 799 734 876 etse,
758 815 835 882 quae
857 798 1006 864 carminis
1030 797 1071 862 82
1095 815 1188 862 uersu
1214 797 1254 861 10

113 903 168 967 ced
190 923 307 968 ηινειιε
329 903 439 986 magui
460 903 577 967 mitesce
600 903 643 966 od
665 902 846 984 obsequium
864 903 918 984 (so.
927 901 1081 984 populw)
1107 899 1251 977 efficitur,

114 1005 288 1071 manifesto
323 1007 452 1072 consilio
487 1007 618 1072 sustulit
655 1005 821 1071 scribendo
854 1025 934 1086 quoe
965 1005 1065 1070 nimie
1095 1004 1254 1070 excellunt

115 1129 209 1193 ocyor
231 1109 312 1174 toro
335 1110 431 1191 rupit.
465 1111 492 1174 si
514 1112 583 1192 qnis
606 1109 705 1194 igitur
729 1111 954 1193 discrepantias
977 1127 1085 1175 omnes
1107 1108 1253 1173 accurate

114 1215 299 1297 inspexerit,
335 1215 528 1296 qnudratarii
560 1231 652 1297 opera
680 1231 732 1279 ene
761 1217 800 1280 ad
830 1230 885 1278 nos
912 1215 1089 1295 peruenisse
1118 1212 1171 1275 nix
1192 1209 1253 1276 sibi

113 1318 306 1398 persuadere
336 1319 462 1398 poterit.
499 1317 554 1382 sod
583 1335 691 1383 uereor
719 1335 759 1381 ne
787 1316 821 1381 in
843 1335 876 1380 re
898 1321 1007 1400 aperta
1037 1315 1130 1399 plura
1158 1315 1254 1380 uerba

114 1417 227 1484 iecisse
255 1419 376 1485 uidear.
405 1423 574 1504 utcumque
608 1421 646 1486 ds
678 1422 790 1485 horum
820 1420 997 1486 carminum
1023 1420 1144 1502 origine
1166 1418 1252 1501 cogi·

114 1523 246 1606 teneris,
270 1525 309 1589 ad
332 1527 518 1590 recensenda
533 1523 667 1590 llnnodii
691 1523 789 1589 uerba
803 1523 885 1588 nihil
903 1523 1056 1602 adferunt,
1077 1541 1134 1587 nec
1150 1523 1252 1586 nilum

114 1625 288 1690 minimum
317 1643 410 1692 uerae
437 1627 610 1710 scripturae
638 1627 792 1693 inditium
820 1627 852 1693 in
875 1628 1033 1692 Alciatina
1060 1626 1111 1691 nel
1134 1625 1251 1690 Fonta-

14 1809 15 1824 ,
114 1729 214 1795 niane
236 1730 415 1796 recensione
438 1731 547 1816 dispici
569 1734 683 1814 potest.

269 1986 315 2070 ll.
342 1985 404 2070 ΒΕ
430 1987 775 2075 ΕΜΕΝΒΑΤΙΟΝΕ
801 1985 1100 2075 antoninus.

158 2175 291 2242 Codices
315 2194 391 2259 quos
415 2179 597 2244 enumerari
620 2197 725 2245 omnes
743 2200 778 2244 er
794 2197 853 2244 uno
877 2181 1041 2260 archetypo
1065 2177 1250 2242 descendere
1286 2185 1387 2228 cedem

14 2271 15 2274 '
111 2281 306 2362 scriptorum
348 2282 472 2361 ordine,
516 2281 698 2348 lacunarum
742 2281 974 2359 communione,
1017 2280 1173 2363 frequenti
1216 2281 1251 2345 in
1284 2256 1389 2308 mm

111 2383 264 2448 maximis
297 2383 497 2468 minimisque
531 2387 621 2452 rebus
656 2386 862 2452 similitudine
885 2386 1048 2450 euincitnr.
1087 2384 1250 2450 discedunt

112 2487 225 2554 autem
254 2486 288 2551 in
318 2487 394 2552 duas
425 2487 561 2555 familiae
585 2492 640 2570 ita,
670 2495 706 2555 nt
728 2491 821 2556 unius
844 2491 936 2555 testis
958 2487 1126 2571 singularis
1150 2491 1251 2553 exstet

15 2643 17 2662 r
111 2591 198 2656 liber
229 2590 451 2675 &mellensis
481 2593 610 2657 alterius
638 2595 702 2660 sint
731 2592 875 2677 quamuis
904 2592 1089 2677 integritate
1112 2593 1195 2657 inter
1217 2611 1250 2657 ee

111 2693 235 2761 diuersi
257 2693 372 2776 reliqui
394 2711 509 2760 omnen.
542 2715 619 2779 quae
643 2698 785 2782 cognatio
798 2697 857 2761 hoc
872 2696 1038 2761 stemmate
1054 2695 1251 2780 depingitur:

390 2817 586 2902 Archetypns

117 4013 144 4077 Β
165 4017 275 4080 nutem
298 4031 358 4078 non
388 4012 490 4078 solnm
514 4029 559 4091 oo,
589 4013 671 4095 quod
693 4013 843 4078 nonnulla
871 4011 989 4094 scripta
1017 4013 1102 4078 solus
1124 4031 1249 4079 coneor-

117 4117 215 4199 uanit,
239 4119 294 4182 sed
317 4116 414 4181 etiam
435 4114 661 4198 scripturarum
694 4114 876 4199 integritate
900 4114 947 4180 ita
964 4116 1079 4197 ,ceteris
1101 4121 1248 4201 praestat,

117 4221 154 4283 nt
185 4238 258 4284 enm
292 4219 402 4285 ducam
434 4218 620 4286 fidissimum
653 4219 740 4302 sequi
775 4217 954 4284 debeamus.
991 4220 1180 4302 reliquorum
1214 4237 1250 4284 eo

19 4309 20 4320 ’
116 4322 317 4402 potissimum
348 4320 524 4388 continetur
553 4321 687 4396 utilitas,
717 4324 888 4388 uteorum
917 4339 1011 4406 opera
1032 4323 1164 4388 lacunae
1183 4324 1249 4387 sin·
