2934 4934
99 354 105 361 -
210 323 277 392 488
575 320 688 390 blegni
706 318 838 374 Felicis
855 316 987 372 Ennodi

215 511 373 578 mentibus
395 528 450 593 per
465 509 618 590 auditum,
641 510 720 577 dieit
740 508 886 577 omnibus
899 510 933 575 in
947 509 1147 575 humanitate
1160 508 1351 593 degentibus

215 614 322 682 eibum
356 631 423 681 esse
457 631 654 679 oommnnem
684 613 716 678 et
737 613 776 678 ab
805 631 868 679 uno
900 612 1026 698 flagitat
1060 614 1141 696 qnod
1175 631 1240 679 uon
1272 612 1353 679 lieet
1429 615 1430 690 i

214 735 402 801 quemquam
424 734 553 799 negare,
576 716 767 801 generaliter
788 715 932 801 allegans
954 714 1061 782 deberi
1082 717 1240 784 uniuersis
1263 717 1352 800 quie·
1429 769 1430 802 p

214 820 290 905 quid
312 824 396 886 terra
418 819 608 904 produxerit.
642 822 695 887 sed
723 820 847 904 quando
869 818 904 885 in
926 837 1126 886 eommunem
1146 839 1240 886 usum
1260 839 1352 906 seges
1429 873 1430 900 Ξ

213 922 371 991 tritieeam
397 924 539 991 subolem
566 924 598 989 et
625 924 781 1008 liquorem
808 923 917 989 uineta
943 922 1118 989 fundebant
1147 941 1205 989 nee
1227 923 1350 990 uiritim
1371 947 1384 988 s
1429 919 1430 922 ’

214 1028 310 1095 tellus
333 1029 401 1095 erat
422 1027 590 1094 distributa
614 1026 801 1106 cultoribus,
824 1027 932 1093 nullus
952 1028 1036 1093 inter
1056 1027 1160 1093 hostes
1177 1025 1284 1092 lilium
1307 1028 1352 1092 sie

213 1132 357 1216 reliquit,
387 1134 424 1198 ut
452 1131 630 1199 crederetur
665 1133 801 1217 gemitus
831 1131 1019 1215 praetulisse
1046 1129 1196 1197 seruitiis.
1232 1133 1351 1215 ignoro,

213 1235 342 1320 iudices,
365 1235 530 1320 postquam
546 1236 676 1321 elegerit
690 1236 850 1314 laorimae,
866 1233 905 1300 de
921 1234 1093 1318 superstite
1108 1234 1184 1317 qnid
1198 1236 1350 1318 requiret.

213 1338 269 1405 sed
289 1342 411 1405 metum
443 1339 532 1408 nobis
565 1338 647 1425 legis
682 1341 820 1421 obiectat
859 1341 891 1405 et
924 1341 1007 1422 quod
1034 1338 1117 1403 inter
1145 1338 1292 1420 parentes
1322 1339 1353 1401 et

211 1441 325 1509 liberos
358 1442 513 1528 seriptum
546 1445 594 1509 est
632 1443 693 1510 sibi
721 1442 829 1509 deberi
855 1443 928 1511 uult
957 1442 1012 1527 qui
1044 1440 1126 1507 nihil
1147 1440 1293 1507 exhibuit
1315 1440 1384 1506 deo

213 1549 352 1630 parente.
386 1545 584 1613 uoluntatem
607 1550 759 1626 nostram,
786 1551 862 1615 dum
884 1547 1036 1633 tegimur,
1069 1544 1191 1629 quaerit
1212 1545 1248 1609 et
1268 1542 1352 1609 desi-

213 1652 301 1718 derat
324 1648 382 1715 hoe
404 1666 461 1716 nes
484 1650 626 1717 exbibete
646 1649 774 1734 pietati,
804 1649 887 1734 quod
914 1651 982 1734 ipse
1004 1648 1162 1733 professus
1184 1648 1235 1713 est
1256 1664 1350 1713 eron

207 1754 335 1819 .santem
365 1770 429 1819 non
459 1769 548 1837 posse
579 1768 694 1835 negare
724 1753 897 1821 formidini.
931 1752 1089 1836 numquid
1118 1750 1353 1817 miserioordiee

212 1855 299 1923 loeus
323 1857 371 1921 est
393 1853 448 1923 ubi
471 1856 569 1923 instat
589 1855 782 1940 imperium?
812 1856 895 1939 quod
924 1872 986 1921 non
1014 1855 1090 1921 lieet
1117 1854 1262 1921 subtrahi
1291 1873 1352 1920 non

212 1977 379 2043 possumus
410 1958 512 2027 disere
539 1959 734 2027 liberalitate
758 1957 908 2025 eonferri:
940 1957 1106 2026 elementia
1129 1958 1190 2023 nisi
1211 1957 1383 2041 ingenuas

213 2080 275 2129 non
294 2063 439 2129 uoeatur:
463 2061 612 2145 quioquid
628 2081 689 2128 non
705 2065 779 2129 dare
795 2062 968 2147 praeuales
992 2079 1047 2127 een
1061 2062 1221 2127 sincerum
1236 2079 1352 2127 munus

214 2165 360 2250 conpote,
383 2164 411 2231 si
433 2163 559 2231 dedisti.
589 2166 622 2231 at
644 2166 792 2248 frequens
814 2165 904 2231 nobis
926 2167 1056 2231 naturae
1078 2165 1204 2232 iteratio
1221 2168 1254 2231 et
1277 2182 1351 2230 san·

212 2270 300 2335 etum
329 2268 476 2333 creatoris
504 2286 618 2335 nomen
647 2268 795 2349 obsistet,
823 2267 913 2352 qnasi
934 2286 1032 2335 usura
1054 2268 1133 2333 lueis
1155 2271 1236 2334 dono
1259 2269 1351 2351 parta

212 2370 394 2437 eoelestium
422 2370 606 2451 interula,
640 2391 719 2456 quae
745 2370 785 2439 ab
808 2370 986 2439 bominibus
1016 2371 1215 2449 tribuuntur,
1250 2372 1352 2455 possit

211 2473 361 2542 adsoribi.
378 2474 580 2559 saerilegium
596 2477 646 2542 est
660 2493 846 2561 superorum
863 2475 1095 2559 indulgentiam
1109 2492 1216 2541 semen
1233 2474 1383 2540 dixisse»

211 2577 410 2645 mortalium:
435 2580 473 2647 de
493 2579 561 2645 sola
581 2577 678 2647 habet
699 2578 832 2645 libidine
855 2578 1074 2645 testimonium
1088 2579 1179 2661 pater
1199 2578 1349 2644 erudelis

211 2681 318 2767 iungit
346 2682 444 2751 etiarn
466 2666 619 2749 'oneribus
648 2681 744 2761 meis,
773 2681 851 2747 dum
877 2683 1013 2765 reposoit
1041 2680 1160 2747 solacia
1189 2681 1349 2758 destituti,

211 2786 317 2851 dicens
345 2784 409 2851 eibi
438 2786 601 2852 ciuitatem
628 2784 768 2869 potuisse
795 2803 992 2868 succurrere,
1022 2786 1055 2850 ni
1077 2783 1237 2850 redissem.
1274 2784 1351 2868 quid

211 2887 300 2955 aliud
322 2888 467 2955 uoluntas
490 2890 551 2954 ista
574 2887 770 2967 manifestat,
794 2886 855 2953 nisi
869 2888 907 2952 nt
921 2904 1028 2952 rursus
1050 2905 1102 2953 me
1123 2888 1227 2970 pirata
1248 2887 1350 2953 susei-

210 2991 300 3074 piat?
328 2993 355 3058 si
377 2993 483 3075 grauis
507 2991 556 3057 est
577 2990 718 3074 inempta
741 2989 822 3057 nisio
844 2990 941 3074 prolis
963 2993 1046 3069 tuae,
1078 2995 1162 3056 eerte
1188 2991 1244 3056 uel
1266 2990 1383 3074 quoda

211 3094 293 3160 soles
315 3112 431 3180 magno
454 3112 635 3177 conparare,
664 3112 770 3161 meum
793 3095 922 3160 bustum
944 3094 1010 3160 sine
1031 3094 1133 3176 pretio
1155 3094 1349 3178 possidebis:

210 3197 298 3262 aetas
326 3196 452 3280 quidem
480 3196 647 3280 pollioetnr
675 3198 793 3276 uitam,
822 3196 877 3262 sed
899 3182 1130 3263 tormentorum
1152 3197 1348 3281 magnitudo,

211 3316 306 3382 quam
329 3299 518 3367 aeerbiorem
541 3303 573 3365 te
596 3300 733 3385 digresso
756 3298 886 3383 pertuli,
908 3298 1069 3383 promittit
1090 3299 1229 3364 exitium.

262 3484 437 3541 ammonem
458 3485 486 3543 V
594 3486 836 3557 dquenquami'
936 3485 1054 3557 elligeus
1078 3487 1106 3542 Β
1215 3485 1349 3556 quidquid

209 3570 239 3629 Β
341 3571 493 3627 bsebolem
512 3570 540 3626 Β
558 3572 650 3642 (een.)
669 3571 753 3628 ΒΝ
849 3571 959 3627 licorem
976 3570 1006 3626 Β
1108 3571 1220 3626 uiritem
1238 3572 1281 3625 Βι

210 3656 310 3713 deret
331 3657 360 3713 Β
382 3658 442 3717 el.
547 3657 704 3728 ‘ineliquid
725 3658 822 3715 ΒΜ*1
926 3657 1072 3714 orediretur
1096 3656 1124 3711 Β
1229 3658 1348 3712 seruitiis

208 3741 242 3811 (ii
259 3743 292 3798 ia
308 3744 376 3811 res.)
394 3742 431 3809 L,
455 3743 529 3798 serui
545 3743 582 3810 Β,
609 3744 711 3800 serenis
727 3743 832 3812 sort'
896 3744 1053 3814 deligeret
1069 3743 1097 3798 Β
1201 3744 1348 3813 superstite

210 3828 306 3899 (peisti
323 3844 358 3884 ea
374 3826 526 3899 peristote?
542 3831 626 3897 sorr.)
644 3829 672 3884 L
775 3829 811 3884 15
826 3828 946 3884 eonferre
963 3828 1061 3885 w?
1161 3828 1195 3883 16
1212 3828 1348 3899 quidquid

209 3917 237 3971 Β
332 3916 514 3987 prteuulisB
608 3915 771 3972 eumn
866 3918 1239 3986 sineerummunueeeripei,
1266 3918 1348 3971 iuter·

209 4017 306 4058 munus
329 4000 443 4070 M'Vb,
468 4002 654 4059 iuutermunos
677 4004 706 4057 Β
810 4002 843 4058 17
866 4003 900 4059 ed
923 4004 953 4059 Β
1057 4002 1091 4058 18
1112 4001 1224 4058 obsistit
1246 4002 1277 4057 Β
1299 4005 1345 4070 (aa

208 4105 261 4146 ree.
275 4106 295 4144 e.
309 4090 373 4157 lib
465 4088 697 4145 dibonoribneB
785 4089 885 4145 solatia
896 4088 984 4145 ΜΨ
1069 4087 1279 4143 ddeueeurreL

209 4174 523 4246 MpyuetelyemilB
608 4176 941 4246 ideonpereritent
1027 4174 1161 4245 pretloB
1248 4173 1345 4229 isde-

209 4275 299 4331 grmo
319 4260 413 4316 LT¹V
515 4260 658 4331 promittet
676 4262 704 4317 Β
