2934 4934
248 392 310 460 182
606 387 722 458 blegnl
739 386 869 443 Felicis
886 384 1016 441 Euuodi

246 578 354 645 munia
371 577 582 663 frequentiam
602 578 824 656 commodetis,
846 576 879 643 in
901 594 962 661 quo
984 590 1076 661 opere
1097 576 1319 643 adsiduitatem
1341 575 1372 641 et

247 700 358 748 amans
379 680 506 747 exhibet
527 686 559 747 et
585 680 751 747 facundus.

760 864 867 931 XIIII.

573 1002 757 1060 ENNODIVS
779 1000 1048 1059 lucubrentur.

289 1127 342 1193 Ita
362 1145 456 1210 supra
478 1126 655 1192 claritatem
669 1126 791 1209 generis
807 1144 930 1192 morum
945 1126 1013 1191 luce
1028 1124 1214 1208 profecistis,
1237 1128 1274 1190 ut
1294 1142 1368 1209 quos
1394 1150 1410 1192 s

247 1231 345 1297 otiam
372 1228 462 1296 uobis
489 1244 553 1295 non
578 1228 677 1295 nectit
698 1230 915 1311 propinquitas
942 1232 1070 1297 actuum
1093 1229 1268 1295 uestmrum
1290 1230 1369 1295 bona

247 1333 411 1399 subiciant
456 1330 526 1413 quie
553 1333 636 1399 enim
657 1348 719 1397 non
742 1332 913 1414 perfectam
934 1333 1145 1401 reuerentiam
1172 1332 1214 1399 sit
1243 1334 1369 1415 pmetus

247 1434 412 1518 inpendere
433 1434 558 1501 animae
578 1435 614 1499 in
633 1434 685 1499 dei
706 1434 831 1499 cultura
851 1433 1002 1501 sublimi?
1025 1435 1098 1515 quia
1116 1435 1314 1518 peregrinum
1335 1453 1369 1499 sa

246 1538 364 1605 facita
388 1536 593 1619 redemptoris
620 1536 724 1619 gratia
752 1538 806 1618 qui
834 1537 891 1602 deo
915 1554 978 1601 non
999 1536 1128 1621 suspicit
1155 1535 1368 1620 obsequentes.

246 1641 397 1709 indicium
431 1642 514 1707 euim
547 1642 596 1705 eet
629 1639 873 1707 conuersationis
906 1642 1091 1722 praecipuae
1120 1638 1237 1707 Christi
1269 1640 1407 1709 nostrin

248 1763 353 1813 amare
374 1744 529 1810 emtores:
555 1742 714 1825 proximus
736 1746 785 1807 est
806 1743 1070 1811 emendatissimis
1098 1745 1151 1827 qui
1178 1743 1283 1827 diligit
1305 1744 1369 1811 ianr

245 1848 408 1933 probatos:
423 1846 639 1913 testimonium
649 1846 706 1911 dat
720 1848 872 1913 bonorum
882 1846 951 1911 sine
965 1846 1160 1913 dubitatione
1174 1847 1370 1925 meritorum,

247 1954 275 2019 si
288 1952 416 2017 studeas
431 1948 577 2015 laudibus
591 1946 737 2033 prosequi
751 1950 809 2016 sub
824 1950 930 2016 debito
950 1949 1185 2017 continuatione
1199 1950 1370 2032 perfectos:

246 2054 285 2121 fit
300 2051 419 2119 emetis
434 2052 593 2135 proximus
606 2050 660 2134 qui
675 2052 788 2119 inillis
803 2052 871 2119 eino
894 2052 965 2119 fuco
980 2052 1140 2135 praedicat
1153 2054 1372 2119 mediatem:

248 2173 471 2241 quemcumque
483 2154 648 2240 diligentis
662 2156 808 2223 hortante
823 2156 1016 2241 praetuleris,
1032 2155 1230 2240 dispendium
1244 2156 1377 2239 pudoris
1386 2182 1412 2224 rs

247 2264 307 2339 est¹
328 2260 362 2325 ui
382 2259 532 2342 sequaris.
573 2258 644 2341 quie
664 2259 757 2325 salua
784 2259 970 2326 uerecundia
995 2278 1050 2343 per
1074 2262 1199 2345 spinum
1226 2258 1377 2342 grediens

246 2363 416 2448 purgatum
438 2363 500 2429 iter
520 2362 655 2431 adtossm
677 2364 710 2428 et
730 2362 817 2429 uiam
839 2363 952 2429 salutis
974 2362 1128 2447 aspiciens
1158 2362 1253 2429 calles
1276 2362 1379 2447 eligat

245 2468 430 2533 nemorum?
464 2464 616 2548 professio
637 2466 798 2533 caecitatis
820 2470 869 2531 est
890 2466 971 2533 bona
992 2466 1066 2533 ante
1087 2466 1192 2533 oculos
1214 2469 1247 2533 in
1270 2484 1379 2531 exem·

245 2570 336 2653 plum
356 2568 459 2635 locata
480 2586 626 2652 respuere
647 2571 680 2633 et
700 2568 783 2634 unde
805 2568 980 2635 imitatione
1006 2568 1150 2651 proficias
1172 2588 1235 2635 non
1256 2570 1378 2635 tenue

246 2671 335 2751 baec,
357 2671 403 2737 mi
424 2672 567 2749 domina,
598 2671 636 2736 de
657 2672 690 2736 te
713 2688 774 2737 non
795 2671 923 2739 incertis
945 2671 1030 2739 fama
1059 2672 1219 2739 nuntiauit
1240 2670 1417 2748 indidiari

246 2792 309 2840 non
330 2774 443 2856 loquax
464 2773 582 2859 uulgus
604 2792 660 2856 per
673 2776 783 2858 ignara
804 2775 913 2841 iudicii
934 2793 991 2843 ora
1006 2776 1149 2853 iactauit,
1172 2777 1222 2841 cni
1244 2794 1315 2841 mos
1330 2780 1382 2843 est

246 2880 284 2945 de
305 2876 451 2945 humanis
472 2876 614 2956 actibus,
636 2879 712 2944 dum
733 2878 888 2945 scintillas
910 2880 943 2945 in
965 2896 1055 2962 rogos
1077 2880 1212 2958 animat,
1239 2878 1383 2964 amplifi·

246 2985 333 3047 catus
359 2979 500 3047 fidelium
526 2980 668 3047 mmmas
695 2982 887 3065 extinguere.
932 2980 991 3048 hoc
1019 2985 1197 3049 nostrorum
1226 2982 1384 3049 relatione

243 3083 506 3167 propinquorum,
540 3085 702 3168 praecipue
731 3086 838 3150 mmor
866 3083 994 3151 domina
1022 3087 1055 3152 et
1087 3102 1192 3151 sorore
1221 3084 1384 3169 unprepir

300 3306 316 3359 1
334 3303 531 3361 admduatetem
547 3304 576 3360 Β
681 3305 699 3359 2
716 3304 826 3361 exbibet
844 3306 884 3375 et]
901 3304 1032 3361 exhibitet
1049 3306 1099 3362 Bb

297 3407 373 3463 XIV.
402 3409 593 3465 lambentes
603 3408 712 3476 BLVb,
729 3410 895 3465 mchobamie
909 3410 935 3464 Τ
1028 3409 1206 3480 bprofecistis
1218 3414 1263 3477 (ru
1276 3414 1347 3474 rec.)
1359 3409 1385 3469 b,

245 3493 390 3565 proficietis
406 3494 442 3561 B,
469 3494 600 3565 proficitis
618 3494 705 3553 LTV
797 3496 920 3551 dnectet
936 3497 986 3552 Bb
1070 3499 1175 3553 nobum
1192 3494 1220 3550 L
1318 3495 1337 3551 8
1356 3496 1386 3549 iu

249 3580 277 3635 V
291 3597 313 3636 c.
331 3580 350 3635 1.
452 3581 470 3635 9
486 3596 516 3635 a·
533 3579 562 3649 (d
579 3586 662 3649 crus.)
679 3581 708 3635 B
812 3581 973 3650 redemptori
990 3582 1018 3636 Β
1120 3581 1238 3651 suspicet
1255 3580 1294 3649 B,
1322 3596 1385 3635 ans·

245 3666 314 3735 cipit
330 3667 387 3721 Μ’
490 3666 524 3721 10
546 3667 727 3722 conuersicnis
748 3668 774 3722 f'
875 3668 1013 3737 praecipue
1033 3667 1087 3723 TV
1189 3668 1220 3722 ll
1243 3666 1386 3736 proximus

246 3751 307 3815 Bb,
338 3752 469 3821 proximis
497 3750 556 3806 LV
670 3751 772 3822 diligat
799 3752 843 3817 1¹¹,
873 3750 971 3823 diligat
997 3752 1026 3807 Β
1149 3754 1182 3810 12
1208 3752 1257 3807 dae
1287 3752 1317 3809 T

245 3838 476 3907 usquecunque
496 3836 545 3893 Bo
636 3840 745 3894 criente
762 3838 898 3895 B¹LT¹V
993 3840 1026 3894 16
1043 3840 1082 3909 ni]
1101 3854 1135 3895 ne
1152 3839 1209 3905 Bb,
1236 3840 1265 3892 in
1284 3839 1315 3894 L

245 3924 402 3979 remwndia
423 3924 458 3979 Τ·
563 3924 660 3993 pirosa
676 3924 705 3979 Β
811 3925 844 3979 17
862 3924 940 3979 ullis
958 3924 986 3980 B
1090 3926 1124 3984 18
1141 3924 1265 3981 cecitatis
1283 3927 1316 3983 Β

246 4026 280 4081 19
297 4026 429 4097 τωρωι-ο]
446 4027 576 4097 respicere
595 4027 678 4083 Sim.
790 4025 826 4080 20
847 4027 895 4096 ni]
917 4042 977 4083 mea
1000 4029 1016 4084 b
1127 4028 1159 4085 21
1181 4002 1265 4101 ιῖΙςυι
1283 4030 1314 4085 Β

245 4110 403 4181 ignorantia
419 4112 448 4168 L
541 4114 576 4168 22
587 4113 620 4168 de
632 4129 684 4169 ora.
697 4112 725 4169 L
820 4112 962 4169 soentellaa
981 4114 1009 4168 Β
1095 4130 1173 4186 rogos
1191 4116 1215 4182 b,
1242 4130 1329 4187 rogus
1347 4114 1385 4179 Β,

246 4211 342 4266 rogum
369 4198 453 4255 Lf'V
563 4200 713 4272 explicatae
741 4200 769 4255 Β
889 4198 925 4257 24
949 4202 1108 4287 praecipuae
1137 4200 1166 4257 B
1281 4202 1384 4259 domne

246 4300 328 4357 arm
433 4302 574 4372 eupreepia
592 4302 648 4370 Bb,
676 4304 772 4375 suppia
789 4303 846 4359 Μ·
