2934 4934
379 411 495 483 Opnsc.
515 413 569 468 III.
593 413 675 469 Vita
694 411 725 468 B.
745 413 925 483 Epiphani.
1153 413 1218 483 365

94 621 259 683 aceessum,
283 609 313 668 et
335 603 484 668 interrae
506 599 600 668 duras
622 603 779 669 nascentis
806 601 932 687 imperii
960 601 1087 685 pietatis
1110 601 1217 669 dulce·

94 706 197 773 mnam
220 724 369 773 censurae
396 705 488 789 pellit
514 705 649 772 utilitas.
688 706 899 790 exemplorum
922 705 1102 772 caelestium
1125 706 1216 770 testi-

93 809 193 876 monio
217 808 348 876 assertio
371 827 442 874 mea
462 806 585 875 nititur.
616 807 780 874 offendisse
802 808 936 894 legimns
958 809 1139 891 principem,
1163 807 1217 891 qui

93 915 221 980 neofitus
254 912 447 979 destinatum
479 911 550 978 neci
582 910 744 977 inimicum
773 910 922 978 subduxit
943 911 1052 978 exitio:
1086 929 1218 996 poenam

73 1015 204 1082 snerut
237 1015 369 1094 lenitas,
409 1031 501 1099 quam
537 1013 640 1096 potuit
675 1013 820 1080 intulisse
856 1014 1018 1081 districtio.
1062 1013 1218 1080 ultionem

91 1118 219 1202 suscipit
242 1117 295 1201 qui
318 1120 473 1185 detractat
495 1118 626 1184 inferre:
657 1119 723 1185 uim
747 1117 846 1184 diuini
867 1115 975 1183 iudicii
998 1120 1053 1183 aut
1068 1117 1218 1183 adtenuat

90 1225 142 1288 ant
165 1221 339 1288 contemnit
361 1221 415 1304 qni
437 1221 522 1288 hosti
544 1239 617 1298 sno,
647 1239 718 1286 oum
740 1223 876 1304 potitur,
904 1222 1056 1306 indulget.
1092 1219 1218 1286 iustitia

91 1326 246 1393 coercendi
269 1328 345 1392 aunt
367 1343 443 1408 qnos
466 1327 590 1393 constat
610 1327 747 1410 gratiam
762 1343 823 1392 non
845 1329 979 1392 secutos.
1009 1325 1090 1391 uitia
1111 1325 1216 1390 nans·

89 1429 189 1496 mittit
210 1428 250 1494 ad
264 1431 402 1512 posteros
425 1429 478 1511 qui
499 1425 720 1512 praesentibus
741 1428 841 1512 culpis
864 1429 1007 1513 ignoscit.
1038 1446 1112 1493 nam
1134 1427 1216 1511 quod

60 1535 123 1598 rode
144 1519 351 1614 redemptoris
374 1531 475 1598 nostri
498 1532 653 1616 patientia
668 1532 816 1616 loqueris,
839 1532 911 1598 illos
926 1551 1001 1598 uera
1014 1530 1217 1615 amplectitur

88 1634 133 1700 lac
155 1636 290 1719 gratiae,
315 1651 393 1718 quos
408 1634 576 1701 austeritas
592 1633 672 1716 legis
687 1635 848 1701 informat.
872 1653 1043 1719 numquam
1058 1654 1077 1699 a
1091 1633 1214 1699 medico

87 1737 124 1805 erl
144 1739 363 1826 plenissimam
391 1739 587 1806 curationem
609 1757 700 1824 aeger
727 1740 881 1805 minatus
910 1741 975 1815 ast,
1004 1738 1067 1803 nisi
1088 1737 1127 1804 ab
1150 1737 1215 1816 illo,

88 1842 137 1925 qui
159 1843 299 1927 primum
320 1841 426 1924 putria
447 1842 529 1908 forno
551 1845 691 1910 membra
712 1841 854 1909 desecuit
874 1847 907 1907 et
923 1843 1076 1907 latentem
1091 1841 1215 1923 penitus

87 1943 195 2012 ssinn
216 1946 373 2012 uncorum
405 1945 552 2029 produxit
584 1945 749 2012 inluuiem.
787 1947 841 2028 qui
876 1945 1059 2010 criminosos
1092 1943 1216 2026 patitur

58 2049 202 2131 ainpnna
234 2049 367 2115 transire
374 2097 384 2132 ‚
417 2051 457 2114 ad
485 2047 617 2114 erimina
645 2049 789 2114 hortatur
818 2048 998 2114 insontes&
1006 2049 1115 2113 manen
1143 2046 1216 2129 quia

86 2151 228 2235 precibus
251 2151 381 2230 aestus,
413 2149 525 2234 quibus
548 2169 682 2234 superna
703 2149 895 2236 assentiunt,
919 2150 1070 2217 obsistere
1092 2153 1216 2214 terrena

86 2273 145 2322 non
166 2259 309 2339 possum,
333 2255 475 2320 omnibns
497 2253 687 2338 generaliter
707 2273 841 2320 errorem
858 2255 1066 2320 dimittemus.
1099 2252 1216 2319 nulline

87 2363 180 2443 caput
201 2375 282 2425 noxa
302 2359 489 2442 prosternet,
513 2359 660 2441 qnoniam
677 2357 808 2442 potestis
822 2361 855 2423 et
869 2357 951 2440 apul
967 2359 1058 2424 domn
1074 2356 1216 2422 nostrum

86 2479 186 2544 egere,
209 2464 247 2527 nt
268 2460 439 2528 sceleratae
461 2462 581 2528 mantes
603 2461 792 2545 apropositi
815 2461 864 2526 sui
885 2461 1093 2542 peruersitate
1115 2459 1215 2526 disce·

57 2563 173 2630 odunt.
195 2579 312 2647 paucos
335 2568 456 2643 tamen,
480 2583 557 2648 quos
580 2564 736 2632 malorum
758 2563 931 2630 incentores
953 2563 1051 2630 inisse
1073 2564 1214 2646 cognom

85 2666 226 2733 locorum
255 2684 383 2734 suorum
410 2666 628 2733 tantummodo
658 2666 853 2734 habitatione
882 2665 1031 2748 minabo,
1067 2683 1104 2732 ne
1134 2663 1215 2730 forta

86 2787 238 2853 exurgens
271 2770 444 2836 necessitas
476 2769 597 2835 uicinos
630 2769 774 2836 inueniat
805 2768 976 2835 nutritores
1004 2768 1214 2835 etmalorum

84 2873 193 2940 adiuta
223 2870 419 2938 successibus
447 2871 531 2938 bolla
564 2872 782 2957 consurgant’.
816 2873 864 2937 his
898 2870 1215 2956 praecellentissimus

85 2993 136 3041 rex
173 2973 267 3040 dictis
299 2975 405 3040 uirum
437 2973 697 3042 inlustrissimum
720 2973 872 3041 Vrbicum
905 2973 999 3040 acciri
1027 2975 1128 3052 iubet,
1159 2973 1213 3056 qui

134 3232 148 3285 1
168 3230 249 3286 duras
268 3229 303 3296 B,
331 3228 396 3284 duaa
414 3228 501 3286 ΜΨ
598 3231 615 3285 2
638 3230 795 3286 testimonia
815 3231 849 3286 2⁷¹
952 3231 969 3286 3
991 3231 1103 3286 mcertio
1128 3227 1181 3286 Μ’
1187 3230 1215 3296 V,

83 3316 188 3372 allecto
217 3315 301 3371 Sirra.
422 3314 440 3369 4
465 3314 625 3371 circinatum
652 3315 680 3370 Β
800 3315 859 3370 neoi
885 3315 971 3383 Bou,
1006 3332 1055 3371 nec
1081 3315 1147 3371 libri

83 3402 232 3458 tlaenitss
250 3402 278 3456 Β
380 3403 398 3456 6
415 3401 529 3472 suscipit
544 3402 651 3472 scripsi,
678 3403 797 3472 suscepit
813 3402 878 3457 istri
982 3402 997 3455 ‘l
1020 3401 1097 3458 hoste
1119 3401 1147 3454 Β

83 3488 205 3558 indulgit
228 3487 257 3542 Β
360 3487 377 3543 8
399 3487 553 3543 cohercendi
579 3489 605 3544 Τ
703 3491 810 3544 secutus
834 3485 941 3542 ΒΝ11
1043 3487 1213 3543 transmittet

83 3574 110 3628 Β
209 3575 393 3644 tprsosantos
411 3574 452 3640 Β,
480 3572 650 3644 poscentibus
671 3575 697 3630 T
793 3573 944 3644 ignoscitur
961 3573 989 3628 Β
1093 3571 1128 3626 10
1143 3571 1214 3641 paci·

82 3696 158 3751 entia
175 3695 235 3752 LV
323 3660 470 3765 morotum
487 3695 514 3750 Β
607 3697 637 3750 11
657 3694 802 3751 austeritas
820 3695 878 3762 (ult.
897 3709 914 3748 a
931 3696 1013 3761 corr.)
1030 3692 1058 3747 Β
1148 3707 1215 3747 nnn·

81 3797 161 3851 qnam
179 3781 209 3837 Β
305 3795 389 3837 amm
407 3779 435 3834 Β
539 3781 572 3835 12
589 3781 768 3851 plinissimam
786 3781 825 3836 Βι
929 3780 963 3835 13
980 3778 1089 3850 patriola
1107 3779 1147 3836 Βι

81 3867 287 3987 restruatur
380 3901 883 3972 1oinpunireLV1,impnnitosim.
978 3900 1115 3972 quase.
1128 3901 1146 3957 ι.

82 4005 115 4059 16
138 4004 261 4060 aarum
283 4003 324 4074 Β,
352 4006 537 4061 assentiuntur
559 4007 632 4063 Botl.
738 4007 770 4062 l‘l
788 4007 955 4062 dimittimus
973 4005 1008 4061 Β*
1027 4010 1054 4062 et
1072 4006 1146 4062 Bou.

80 4141 115 4195 1s
131 4141 325 4211 prosternes
419 4115 474 4232 ἰοὶ
493 4143 520 4197 s
618 4143 651 4198 re
668 4143 816 4215 propositis
838 4143 896 4198 su.
918 4143 960 4213 (ur
976 4145 1009 4198 eo
1024 4145 1096 4213 rao.)
1118 4140 1146 4197 n

79 4243 270 4334 pmeamsitata
287 4245 315 4300 Β
412 4247 442 4303 21
463 4245 660 4316 tantummodo]
680 4249 787 4301 tantam
807 4245 889 4302 tirso.
986 4246 1098 4316 pribabo
1117 4245 1145 4300 Β

79 4348 113 4402 22
131 4363 279 4419 margano
295 4348 357 4404 LV
454 4349 488 4405 23
505 4347 763 4420 precellentieaimne
780 4351 808 4406 Β
911 4350 947 4406 24
963 4349 1044 4407 arciri
1066 4350 1092 4404 T
