2934 4934
444 380 678 451 Epistularum
702 384 791 439 liber
808 385 885 441 vm.
1161 391 1223 457 201

106 570 202 634 uestri
235 568 370 635 babeant
401 572 483 653 quod
511 573 549 638 de
577 574 758 657 patrimonii
787 577 868 641 molo
900 578 1071 644 descendit.
1109 580 1225 645 credite

103 673 179 737 milri
216 674 273 738 deo
305 673 405 753 teste,
440 677 530 756 quia,
563 678 591 742 si
618 677 776 761 inpetrare
808 680 874 745 sine
902 681 1090 749 detrimento
1118 700 1226 748 cousus

103 778 198 844 ratri
227 794 378 855 meruero,
406 780 497 860 quasi
523 778 602 845 dono
624 780 783 863 obligatus
806 781 960 865 obsequiis
982 784 1155 868 potioribus
1178 804 1226 850 re·

102 878 268 962 spondebo.
299 882 337 945 de
359 898 422 964 quo
435 883 534 963 parte,
557 884 603 947 sic
616 882 707 949 uobis
721 883 857 951 feliciter
871 887 1015 953 uniuersa
1030 888 1225 973 contingant,

83 982 276 1151 εξᾷζπωε
298 1000 364 1051 esse
385 983 498 1065 debeo,
520 985 654 1067 plenarii
675 986 764 1115 mihi
777 988 955 1057 documenti
978 990 1104 1074 dirigito
1125 991 1225 1057 firmi-

638 1226 682 1291 ΙΙ.

485 1359 667 1417 Ennomus
688 1361 837 1419 AVIENO.

139 1482 204 1547 Por
226 1487 293 1547 erat
307 1483 561 1566 magnitudinem
576 1489 717 1551 noemam
731 1486 851 1569 ingenii
866 1488 915 1551 sui
930 1487 1135 1569 opulentiam,
1151 1489 1227 1555 dum

70 1586 205 1651 umnoti
225 1588 324 1669 patris
346 1592 485 1654 sectatur
496 1588 656 1672 instituta,
672 1592 853 1672 depromere
869 1591 901 1654 et
919 1590 1020 1655 multo
1036 1590 1226 1673 adquisitam

102 1689 214 1755 sudore
235 1690 410 1757 doctrinam
432 1710 488 1774 pro
511 1690 694 1774 diligentiae
714 1691 896 1758 testimonio
910 1692 1074 1757 uentilare.
1099 1694 1225 1777 gemina

102 1792 190 1859 uobis
213 1793 410 1873 contingeret
426 1812 464 1858 ex
482 1794 627 1861 antefata
656 1794 891 1861 concinnatione
918 1794 1072 1874 laudatio,
1102 1798 1225 1878 quando

100 1899 256 1963 sescento
282 1898 498 1979 susceptorum
526 1896 690 1964 deuotione
719 1897 854 1963 ferretur
889 1897 920 1963 iu
954 1897 1093 1963 medium
1121 1901 1225 1983 palma

101 2001 266 2065 sermonis:
289 2018 348 2079 ree,
364 2017 443 2081 quae
457 1998 548 2065 nobis
562 2018 701 2065 amorem
717 2004 859 2066 uerbum
874 2005 1002 2081 reserat,
1019 2020 1076 2067 uos
1093 2002 1224 2069 extollit.

69 2120 160 2167 nuno
183 2103 353 2185 eodemque
374 2121 434 2167 usu
457 2103 489 2167 et
510 2105 570 2169 orie
592 2122 705 2185 pompa
727 2103 993 2186 multiplicaretur
1015 2110 1047 2170 et
1078 2106 1158 2171 fidei.
1193 2108 1225 2171 iu

99 2206 184 2287 epioe
220 2206 385 2271 constituti
422 2205 510 2270 illam
558 2206 706 2272 subiectis
751 2206 956 2274 adfectionem
989 2214 1140 2290 putantur
1174 2210 1224 2275 in-

100 2308 242 2389 pendere,
266 2328 358 2391 quam
375 2308 527 2374 locuntur.
553 2309 640 2392 haec,
663 2312 708 2375 mi
730 2311 865 2389 domine,
891 2310 947 2375 ille
964 2311 1225 2395 occupatissimus

100 2414 187 2492 peter
210 2415 242 2477 et
263 2414 295 2476 in
317 2412 454 2477 humana
481 2412 602 2477 locatus
629 2430 699 2478 arce
728 2411 874 2477 custodit.
911 2430 985 2478 nem
1008 2417 1225 2496 contemptum

98 2514 281 2579 manifestat
302 2514 356 2596 qui
382 2516 415 2580 in
448 2513 511 2581 otio
540 2516 653 2597 degens
676 2516 771 2581 uerba
792 2535 853 2581 uon
876 2514 995 2580 tribuit.
1041 2517 1152 2601 legisse
1174 2524 1224 2582 me

68 2618 245 2682 amemini:
277 2618 470 2683 sermonis
499 2617 612 2682 auari
640 2617 778 2682 nullus
800 2617 933 2685 honor.
959 2637 1041 2683 nuuc
1064 2637 1137 2702 ergo
1160 2638 1224 2684 ser·

98 2720 186 2785 uitiis
209 2720 410 2786 salutationis
433 2721 578 2785 exhibitis
601 2719 702 2785 iudico
718 2740 769 2785 me
785 2722 898 2785 ualere.
915 2724 1067 2807 superest,
1090 2724 1127 2788 ut
1148 2740 1223 2807 sug·

100 2821 199 2905 gestio
221 2840 293 2888 mea
314 2822 412 2888 eliciti
433 2825 566 2907 gaudeat
589 2822 733 2887 ubertate
758 2822 924 2905 conloquii.

631 3010 693 3075 III.

460 3146 644 3203 ENNODIVS
665 3146 859 3203 MESSALAE.

70 3280 93 3324 ²⁶
140 3270 215 3336 Post
248 3288 343 3336 unam
377 3270 551 3353 epistolam,
589 3289 682 3353 quam
715 3271 819 3336 uictus
853 3270 969 3337 crebris
1002 3272 1223 3355 scriptionibus

102 3374 241 3454 emisisti,
257 3374 292 3438 iu
307 3374 453 3439 contiuua
469 3373 686 3438 taciturnitate
700 3373 859 3456 perduras,
876 3378 909 3440 et
924 3376 1014 3441 credo
1030 3375 1222 3454 necessitate,

150 3579 164 3629 1
183 3575 318 3631 discendit
334 3575 363 3630 B
465 3576 483 3629 8
503 3574 667 3644 portioribur
686 3575 713 3630 L

149 3678 187 3734 11.
217 3678 254 3733 10
263 3680 364 3733 mactis
376 3679 404 3733 11
499 3679 532 3733 12
549 3680 718 3748 contingeret
737 3677 760 3741 b,
788 3652 951 3749 contingerit
962 3679 990 3732 Β
1001 3682 1025 3748 (e
1037 3694 1058 3735 s.
1070 3678 1090 3735 l.
1102 3694 1136 3733 m.
1148 3682 1223 3747 roo).

101 3765 238 3835 confinget
255 3764 365 3831 LIVb,
392 3764 528 3835 contingit
545 3766 628 3821 Sir-m.
731 3782 763 3819 er
780 3781 831 3821 om.
851 3764 937 3821 LI'V
1034 3767 1223 3821 concenatioue

101 3848 139 3903 B¹
243 3851 276 3905 13
292 3849 408 3904 ferretur
424 3851 528 3919 rcapti,
548 3851 597 3919 (cs.
614 3851 705 3921 Epist.
728 3848 807 3905 VIII
822 3852 876 3919 41),
902 3848 1014 3905 territur
1033 3852 1067 3919 B,
1094 3850 1179 3906 fertum
1196 3852 1224 3907 B

101 3936 131 4003 (c.
149 3936 166 3990 l.
182 3952 218 3991 m.
238 3940 299 4002 rec.)
320 3935 405 3992 m
406 3936 423 3991 b
544 3936 578 3991 14
605 3935 762 3991 deeoratT
876 3936 909 3991 15
935 3935 1162 4005 multiplicaretur
1188 3936 1223 4003 B,

99 4022 296 4091 multiplicatur
314 4020 413 4077 LTVb
508 4022 541 4076 16
559 4021 639 4093 epioe]
658 4036 722 4092 pace
741 4020 823 4076 Sirm.
921 4021 953 4077 18
970 4024 1028 4075 arte
1047 4022 1074 4075 Τ
1162 4038 1223 4077 con·

97 4110 202 4176 teptum
221 4108 249 4163 L
265 4110 306 4175 (to
322 4124 357 4164 esc
374 4124 403 4164 co
419 4109 550 4177 corr.)V
650 4108 683 4162 19
700 4107 832 4162 retribuet
849 4106 877 4161 B
979 4122 1022 4161 rna
1039 4122 1090 4162 om.
1111 4106 1156 4162 Tb

99 4192 281 4249 alcobatiae
303 4194 371 4262 ro)
467 4242 472 4249 .
701 4179 722 4194 ”

150 4298 202 4353 m
233 4296 268 4353 24
284 4300 397 4353 murelo
414 4299 498 4354 Bor
598 4298 632 4352 26
649 4296 848 4352 taciturnitatis
865 4296 903 4351 Β*
