2934 4934
496 391 685 449 Garminnm
704 391 793 446 liber
809 391 832 454 1,
853 390 878 443 9.
1186 387 1252 455 535

186 585 313 668 Semper
335 583 406 664 erit,
429 603 520 668 quem
543 583 627 647 iusta
649 581 792 666 probant,
816 598 910 663 quem
931 579 1033 645 indioe
1055 578 1172 644 mundo

188 687 322 752 Publica
342 689 417 752 uota
439 686 566 771 legunt:
589 683 699 762 lateor,
723 684 875 768 suffragia
896 699 1012 766 magna

188 791 339 867 Contulit,
363 794 400 855 ut
422 791 505 855 sedis
527 787 647 873 gremio
670 789 827 852 frueretur
849 787 1015 868 inemptae.

115 896 163 962 55
187 896 299 960 libera
320 897 353 958 te
376 893 537 958 dominum
560 891 666 974 posuit
689 889 749 956 sibi
773 891 865 955 turba
887 907 1067 973 perennem,

186 997 321 1063 Seruilio
342 996 499 1062 laudanda
521 1015 585 1061 suo.
623 1013 679 1077 pro
701 998 836 1077 quantus
859 994 974 1075 ubique

186 1102 302 1166 Feruor
323 1101 406 1165 eratl
428 1101 537 1164 saneto
559 1098 669 1164 mundi
691 1097 862 1180 plaudente
884 1097 1023 1162 tumultu

185 1203 338 1269 Omnibus
361 1202 446 1267 idem
470 1201 603 1282 animus,
627 1200 730 1265 turbis
753 1217 813 1265 uox
835 1200 980 1265 omnibus
1002 1219 1073 1266 una.

185 1307 236 1373 Sie
258 1309 363 1370 tamen
386 1306 572 1372 alterutrum
596 1305 759 1370 oemabaut
780 1303 906 1370 uinoere
929 1306 1022 1388 uotis,

114 1411 162 1476 60
186 1409 251 1476 Oen
273 1409 333 1474 sibi
356 1427 428 1476 eum
451 1409 518 1474 diro
541 1408 678 1474 bellandi
701 1409 841 1472 eominus
865 1406 954 1473 hoste

185 1512 288 1578 Causa
309 1511 406 1578 foret:
429 1513 544 1598 uulgus
566 1510 690 1594 proprio
715 1515 791 1575 tune
813 1511 964 1596 sanguino
985 1512 1093 1590 uincit,

182 1615 366 1681 Pollieitum
389 1615 534 1698 quotiens
557 1614 653 1678 fuerit
676 1614 805 1680 sufferre
826 1616 951 1698 periela.

183 1717 292 1802 Caspia
315 1737 377 1783 non
399 1719 493 1783 aliter
516 1735 586 1783 oum
610 1719 703 1800 turis
726 1717 791 1782 leta
811 1717 972 1803 Niphaten

183 1821 305 1887 Cirouit
328 1823 384 1886 aut
406 1823 527 1886 eatuloa
549 1821 690 1905 rapiendi
713 1820 828 1887 format
850 1820 890 1885 ad
911 1839 995 1900 uena,

113 1925 160 1990 65
184 1925 283 1991 Ardet
305 1926 338 1990 in
362 1925 517 2000 absentes,
540 1923 641 1990 saeuis
665 1925 814 1989 mortalia
834 1925 958 1989 mandit

182 2027 324 2094 Membra
346 2029 459 2092 animia
483 2028 706 2110 hominumque
730 2045 838 2092 neeem
860 2028 941 2109 petit
963 2045 1015 2092 ore
1037 2032 1174 2094 ornante.

183 2130 275 2195 Alter
296 2131 330 2195 in
353 2131 411 2196 hoe
432 2131 556 2196 senium
579 2130 695 2196 teneris
719 2131 852 2196 miratus
875 2131 908 2196 in
931 2134 1027 2214 annia,

183 2235 274 2299 Alter
296 2235 330 2299 in
351 2236 480 2318 antiqua
502 2234 642 2300 iactabat
663 2235 763 2317 stirpe
785 2238 945 2318 parentes:

182 2338 321 2404 Alterius
344 2339 491 2405 eontenta
512 2356 624 2420 pamm
647 2337 686 2402 de
708 2339 862 2421 sanguine
885 2357 972 2404 menn
995 2339 1051 2417 eet,

113 2443 160 2508 70
184 2441 286 2526 Digna
307 2441 422 2507 referre
444 2441 505 2506 uiri
528 2441 687 2507 uirtutum
713 2442 884 2507 stemmata
906 2442 995 2507 mille

182 2542 428 2610 Commemorat:
452 2548 569 2628 quanta
591 2545 679 2609 tituli
702 2547 778 2609 tune
799 2545 892 2610 laude
914 2546 1103 2626 superstant,

185 2646 364 2712 Vinountur
386 2649 538 2731 quotiens,
562 2650 594 2712 et
618 2665 741 2712 morum
763 2648 863 2730 gloria
885 2647 978 2712 uiotia

183 2751 325 2816 Parturit
346 2750 502 2833 insignem
525 2770 582 2834 per
603 2751 728 2816 medula
750 2751 846 2835 longa
867 2750 1080 2834 triumphum!

181 2853 239 2918 lile
262 2854 457 2940 pudicitiam,
480 2873 559 2940 quae
582 2853 713 2939 pulchro
735 2855 768 2919 in
791 2872 917 2937 oorpore
940 2859 1053 2920 uernat

112 2959 159 3022 75
181 2956 355 3036 Pulehrior‚
380 2964 411 3022 et
435 2963 520 3022 easta
541 2957 698 3023 ridentem
722 2958 793 3023 luee
815 2958 949 3042 figuram

181 3060 339 3126 Laudibus
362 3061 402 3125 ad
426 3061 547 3126 eaelum
571 3062 691 3144 portat:
716 3062 811 3127 deeua
834 3061 892 3126 illa
913 3061 1052 3142 protento

181 3163 308 3229 Adtulit
330 3163 403 3229 inuio
425 3163 530 3242 laeter,
554 3182 633 3246 quae
655 3164 767 3229 multia
790 3182 885 3230 eausa
906 3164 1015 3248 peritii

180 3266 277 3350 Saepe
301 3267 379 3333 init:
406 3267 576 3350 pulehrum
599 3268 676 3333 satia
700 3271 748 3334 est
768 3272 921 3335 mensiune
943 3269 1102 3351 pudieum.

179 3369 265 3436 Haeo
288 3371 350 3436 niai
374 3371 412 3435 de
435 3389 557 3438 summo
580 3389 640 3437 non
665 3373 779 3439 dantur
802 3374 939 3438 eulmine
962 3371 1100 3456 Olympi.

216 3531 514 3621 europaeorum
575 3552 898 3623 monogamum
960 3549 1247 3622 oeuargnenuaae

165 3711 200 3767 54
219 3709 293 3767 aeden
311 3712 339 3766 Β
429 3714 549 3783 inempte
561 3714 652 3779 ΒΒΡ,
670 3717 814 3785 imemptae
826 3717 862 3784 L,
879 3718 969 3786 inepte
984 3717 1008 3772 T
1096 3719 1130 3773 55
1147 3717 1249 3772 libe-ra

111 3796 164 3852 la?
183 3803 265 3864 eruo.)
285 3796 312 3853 L
398 3799 432 3854 ot
449 3800 570 3854 tumulto
588 3800 616 3854 Β
708 3801 744 3856 60
760 3803 909 3857 oomminua
927 3802 1045 3858 BELV
1125 3804 1158 3858 61
1178 3805 1246 3858 uioit

110 3883 164 3938 Po
268 3883 303 3938 63
320 3885 406 3954 tegrin
425 3885 453 3939 Β
556 3887 641 3941 letam
660 3889 687 3941 Β
790 3889 895 3944 nitaten
914 3889 1033 3956 mm,
1061 3889 1134 3944 laten
1152 3889 1180 3943 Β

109 3968 148 4024 64
173 3967 281 4024 eatuluo
308 3969 336 4024 B
444 3971 479 4025 65
506 3973 593 4027 saeuit
620 3973 669 4028 Pb
773 3975 880 4030 mandit
902 3975 1044 4042 Sotottm
1075 3976 1186 4031 mandet
1210 3975 1247 4044 B,

108 4053 225 4108 mandat
251 4055 410 4112 mnPrVo
512 4057 547 4112 66
571 4051 678 4112 animun
707 4061 750 4125 V¹‚
781 4061 866 4116 animi
893 4062 941 4116 Po
1044 4063 1079 4117 to
1104 4064 1248 4118 stemmata

110 4140 174 4204 Po,
209 4141 350 4196 etimmata
380 4142 521 4198 BELTV
657 4145 813 4243 ldhpulero
843 4147 928 4202 ΒΡΤ
1064 4151 1097 4204 75
1126 4148 1246 4218 pulcrior

110 4241 200 4299 ΕΡΤ
300 4245 426 4316 fugeram
454 4246 482 4301 Β
585 4247 619 4303 78
645 4249 769 4318 pulcrum
796 4248 824 4303 Β
927 4251 1078 4306 utronno
1097 4252 1144 4317 Βῑ,
1171 4267 1247 4307 sumo

114 4329 142 4384 Γ
243 4330 337 4401 olimpi
355 4330 497 4388 BELTV
