2934 4934
235 391 299 458 412
594 389 707 458 linqui
725 387 1004 444 FelicisEnnodi

236 586 330 663 atque
352 579 437 645 idem
460 577 535 644 boui
558 577 728 644 fabricator
749 577 891 644 instituti
913 579 996 645 cinca
1016 579 1156 644 homines
1170 581 1253 662 quod
1274 596 1361 663 prae·

236 683 326 748 misit
359 682 391 746 in
424 681 605 764 parentibus
639 684 745 745 seruet
778 681 812 745 iu
843 682 986 763 posteris.
1020 681 1075 747 scd
1102 680 1142 746 ad
1168 682 1361 766 propositum

236 787 441 876 reuertemur.
478 783 658 852 exercentur
692 783 819 866 quidem
851 788 977 853 sanotae
1010 784 1134 853 animae
1168 785 1360 853 sermonibus

234 889 427 956 aemulorum
450 891 482 953 et
505 886 544 952 ad
567 887 682 972 gloriae
711 891 879 971 augmenta
908 888 1060 974 deputant
1087 889 1234 972 quicquid
1256 889 1361 952 contra
1441 896 1442 961 l

234 1010 341 1058 earum
374 989 523 1056 meritum
557 989 716 1056 accusator
749 989 930 1072 ingesserit,
964 991 1049 1056 sicut
1080 990 1189 1057 doctor
1220 992 1391 1072 geruum·

233 1095 364 1176 clamat,
399 1093 541 1162 homines
572 1091 822 1191 oblocutionibus
851 1094 996 1160 exerceri.
1030 1094 1066 1160 ut
1094 1093 1196 1160 solent
1224 1093 1359 1170 arborea,

233 1217 312 1284 quas
334 1199 375 1265 ad
396 1197 498 1266 terrae
526 1196 698 1282 penetralia
725 1195 839 1267 ualidis
867 1185 1025 1266 radicibus
1052 1199 1277 1284 peruenerunt,
1307 1196 1360 1260 de·
1442 1268 1443 1285 χ

233 1302 351 1390 spicere
380 1300 480 1371 flabra
507 1305 673 1368 uentorum
696 1304 727 1366 et
750 1300 922 1366 certamina
949 1299 1157 1383 procellarum
1186 1298 1361 1366 stabilitate
1442 1290 1443 1339 ¹

234 1405 358 1490 propria
379 1405 538 1472 adimente
561 1407 768 1483 contemnere,
790 1403 836 1468 sic
855 1402 906 1468 illi
927 1402 1126 1489 repudiantes
1148 1400 1360 1486 superstitiosi

236 1525 314 1595 quae
342 1509 467 1590 iupaotu
496 1504 590 1572 fuerit
619 1504 718 1590 caligo
748 1506 893 1592 figmenti
913 1524 971 1589 per
991 1507 1106 1575 sudum
1136 1507 1239 1573 radios
1262 1506 1391 1572 bouaen
1442 1520 1443 1579 l

233 1608 478 1678 conuersationis
500 1606 676 1676 ostendunt.
703 1628 778 1678 nam
802 1609 878 1676 dum
893 1608 963 1693 quis
986 1609 1113 1676 illorum
1129 1607 1262 1675 obiectis
1284 1625 1359 1674 corr·

232 1712 364 1780 scisma
391 1713 472 1778 teste
502 1713 708 1796 congreditur,
739 1714 779 1779 ad
809 1711 964 1795 triumphi
991 1731 1079 1796 spem
1108 1712 1235 1779 iuterna
1263 1711 1359 1778 aeeti-
1442 1784 1443 1809 χ

231 1815 369 1884 matioue
392 1815 554 1899 percurrit.
585 1833 640 1882 nos
655 1820 774 1894 tamen,
797 1833 873 1900 quos
888 1817 1055 1900 pastoralis
1070 1834 1145 1884 cura
1160 1815 1358 1899 constringit,
1442 1818 1443 1885 l

232 1919 343 2004 quibus
378 1917 566 1986 tuendarum
604 1920 770 1988 commissa
806 1924 854 1986 cst
887 1920 1063 1986 animarum
1099 1917 1282 2004 diligentia,
1319 1937 1358 1982 uc
1442 1928 1443 1991 l

230 2039 422 2090 summorum
452 2023 608 2108 quispiam
635 2023 898 2106 minimorumque
927 2023 1099 2108 dispereat,
1128 2019 1264 2087 maxime
1287 2039 1390 2088 cumn
1442 2004 1443 2027 ,

233 2124 311 2191 mali
332 2124 429 2208 ipsius
451 2144 559 2192 recens
582 2126 678 2192 oculis
701 2126 852 2202 offeratur
870 2125 1057 2212 exemplum,
1080 2143 1152 2192 cum
1167 2122 1358 2206 apostolicae

236 2227 318 2294 sedis
349 2229 524 2314 praesulem
558 2232 589 2293 et
622 2229 763 2308 omnium
796 2247 874 2313 pene
912 2227 1112 2297 ecclesiarum
1146 2226 1359 2312 gubernacula

235 2333 424 2401 tractantem
438 2351 493 2414 per
506 2331 640 2416 proximi
654 2332 811 2405 tumultus
832 2331 1014 2400 incendium
1036 2332 1234 2400 inimicorum
1257 2328 1359 2396 rabies

231 2431 289 2498 tali
310 2449 362 2500 ore
384 2434 603 2502 momordisset
626 2435 659 2500 et
674 2435 706 2500 iu
728 2421 852 2501 ruinam
875 2454 964 2502 suam
985 2435 1161 2518 aliquorum
1184 2433 1270 2498 furor
1294 2435 1358 2499 siue
1443 2496 1444 2547 1

228 2537 311 2606 insta
340 2536 555 2626 indignatione
583 2537 767 2606 surrexerit:
800 2539 883 2619 hanc
912 2556 998 2622 ergo¹
1014 2537 1154 2605 uolentes
1177 2536 1390 2607 morborumru
1443 2612 1444 2621 ,

229 2644 370 2709 daeoare
391 2640 572 2723 perniciem,
595 2659 633 2707 nc
649 2641 682 2708 iu
699 2641 804 2711 locum
826 2640 954 2724 iniquae
969 2641 1154 2708 adsertionis
1178 2643 1358 2706 nostrorum
1443 2636 1444 2715 Τ

228 2742 341 2830 aliquis
373 2743 587 2830 neglegentias
623 2747 797 2828 aucupetur
829 2748 860 2810 et
894 2733 1104 2812 similitudine
1138 2741 1285 2809 ueritatis
1318 2741 1357 2807 ad

229 2846 483 2931 inpugnationem
512 2847 616 2914 fultus·
632 2847 793 2926 occurrat,
816 2845 884 2930 qui,
910 2850 946 2915 ut
969 2845 1074 2928 aium,
1098 2843 1173 2912 uiua
1193 2843 1358 2911 homiuum

228 2945 411 3016 testimonia
427 2966 490 3015 uon
507 2948 689 3029 formidant,
713 2950 800 3040 dum,
823 2949 905 3036 quod
927 2949 1013 3016 nefus
1036 2949 1126 3017 dictu
1140 2950 1199 3029 est,
1222 2947 1356 3015 conuicti

227 3051 295 3120 hoo
317 3050 486 3136 deputatur
507 3051 653 3120 incautus
676 3053 707 3118 et
728 3052 841 3120 faciem
863 3051 963 3120 ocolus
985 3052 1123 3120 creditur
1145 3050 1199 3135 qui
1214 3052 1388 3134 potuisses

227 3152 327 3220 faeere
349 3153 532 3238 perhibetur
556 3157 659 3238 (nomo
683 3154 732 3222 dei
751 3155 859 3224 oculos
881 3175 974 3241 quum
997 3152 1133 3224 hominis
1147 3153 1269 3220 iudicat
1283 3153 1356 3238 plue

225 3256 346 3322 timeri:
380 3273 514 3324 errorem
549 3259 684 3326 creditur
718 3258 823 3328 fouere
856 3247 991 3329 solitudo
1021 3262 1054 3327 et
1081 3258 1270 3344 profundam
1298 3277 1355 3324 ue·

224 3357 358 3441 quitiam
380 3358 582 3427 incomitatus
604 3361 781 3442 admittere,
804 3363 893 3446 quusi
915 3365 1000 3430 caelo
1022 3362 1161 3429 facinora
1181 3361 1355 3444 penetrali·

226 3460 284 3528 bus
313 3461 434 3528 inclusa
461 3482 523 3529 nou
553 3468 681 3547 pateant
704 3469 736 3530 ct
757 3465 911 3531 uindicari
941 3466 1239 3548 merminiaco,
1272 3465 1355 3548 quod

326 3647 588 3718 summm

278 3818 291 3871 l
319 3819 445 3888 promisit
475 3818 500 3874 Τ
600 3820 617 3876 5
640 3820 784 3878 edometur
806 3821 834 3875 Β
937 3821 1050 3880 uteru
1068 3823 1233 3892 poenetralia
1254 3823 1285 3878 Β

222 3921 435 3992 puuouefiutT
527 3921 655 3991 uapore
672 3922 700 3978 Β
796 3923 1012 3994 eorumquae
1028 3925 1116 3982 BLV
1211 3927 1245 3983 10
1260 3927 1358 3984 radius

222 4023 251 4077 Β
348 4023 381 4080 12
400 4024 546 4096 triumphis
564 4025 592 4081 Β
690 4028 723 4082 15
740 4028 916 4098 summorum]
934 4027 1111 4085 metoan
1203 4029 1238 4085 16
1254 4031 1355 4102 indus}

222 4127 320 4199 impius
338 4129 365 4185 Β
469 4127 501 4185 19
523 4131 564 4202 et]
582 4133 614 4185 ut
631 4132 696 4198 sort.
800 4132 831 4187 21
851 4131 918 4204 iniq.
935 4133 1090 4188 metionis
1109 4137 1148 4203 (us
1166 4149 1201 4190 cer
1218 4135 1253 4190 nd
1269 4145 1355 4206 corr.)

222 4231 250 4288 n
352 4233 387 4289 24
407 4234 597 4290 menceus
697 4235 731 4290 uu
755 4236 879 4307 cereum]
899 4224 932 4292 ei
949 4222 982 4292 ei
1004 4237 1031 4292 s
1131 4239 1165 4294 ae
1188 4245 1294 4310 usqae
1314 4243 1355 4306 a,

221 4331 274 4374 uon
292 4323 374 4390 queat
392 4319 492 4375 mo
