2934 4934
254 360 296 423 52
613 355 723 424 Magni
744 355 869 411 Felicis
889 355 1020 411 Ennodi

256 547 362 613 fructu
390 560 498 609 carena
519 542 679 624 sumpsisti
701 541 842 623 forsitan
871 544 1005 608 mentita
1033 544 1114 627 apud
1146 546 1177 609 te
1199 545 1374 612 urbanitate

257 645 449 725 iactantiam,
465 646 604 710 nesciens
619 647 700 728 quod
714 648 873 711 auctorem
888 636 1035 729 repetunt
1050 648 1122 731 tela,
1138 666 1216 731 quae
1232 648 1370 715 indocilis

258 750 406 818 aduersus
422 750 556 814 alterum
572 765 682 813 manus
697 748 844 813 omiserit
861 750 928 830 quis
945 751 1035 832 putet
1049 750 1282 830 contumeliam,
1297 772 1372 835 quae

256 854 353 920 solam
369 851 590 918 conscientiam
608 850 796 916 destinantis
812 850 956 935 adfligit?
978 852 1179 935 inproborum
1194 856 1305 921 natura
1319 862 1373 935 est,

257 958 316 1022 hoc
339 954 455 1021 sentire
478 954 516 1019 de
539 952 685 1019 omnibus
706 954 788 1038 quod
809 956 969 1019 merentur
991 960 1023 1019 et
1045 957 1078 1021 in
1108 958 1201 1023 malis
1224 959 1372 1025 solacium
1401 982 1412 1021 s

260 1078 412 1143 nusquam
427 1058 533 1123 nidere
548 1057 764 1122 innocentiam.
788 1058 944 1123 tormenta
959 1062 1032 1123 sunt
1048 1059 1225 1126 maculatae
1247 1080 1373 1129 conuer-

258 1164 388 1228 sationis
420 1179 482 1226 non
513 1158 575 1225 sibi
607 1159 732 1225 credsra
766 1179 831 1226 essa
860 1160 1037 1245 participes.
1081 1162 1158 1229 baec
1186 1164 1242 1229 illa
1269 1172 1372 1231 mente

258 1266 416 1350 descripsi,
441 1284 501 1349 qna
521 1280 640 1329 memor
661 1264 811 1347 propositi
834 1264 939 1330 odium
961 1264 1114 1347 conpellar
1136 1266 1246 1333 debore
1268 1268 1376 1334 crimi-

258 1369 359 1436 nibus
386 1368 509 1435 nullum
531 1369 605 1433 dens
629 1386 713 1433 mous
736 1367 795 1432 nisi
818 1369 856 1434 de
878 1387 911 1433 sa
933 1368 1041 1453 tetigit
1064 1368 1279 1437 confitentem:
1302 1373 1379 1437 dum

260 1474 337 1539 uitia
364 1472 558 1549 incessimus,
587 1489 675 1535 reum
697 1469 745 1534 ira
766 1471 955 1536 manifestat.
993 1490 1066 1537 nam
1089 1474 1222 1539 iniurius
1245 1475 1324 1550 aim,
1349 1476 1377 1541 ai
1390 1502 1415 1542 rc

260 1577 327 1643 stili
348 1575 415 1641 loco
436 1592 593 1640 numerem
620 1575 753 1638 santiam
782 1575 837 1639 aut
865 1574 943 1639 mibi
973 1576 1089 1659 scripta
1112 1582 1274 1659 conputem
1298 1598 1379 1661 quae

258 1680 399 1762 relegans
422 1695 482 1742 non
504 1694 644 1761 agnosco.
676 1677 738 1741 scit
760 1677 840 1742 enim
864 1678 1007 1744 dominus
1029 1679 1110 1761 quia,
1139 1683 1166 1748 si
1190 1699 1250 1747 non
1272 1686 1380 1749 nostro

259 1782 384 1847 nomine
395 1780 504 1845 notata
514 1780 627 1845 fuisset
643 1779 786 1862 epistula
802 1780 842 1844 ad
857 1798 948 1861 quam
959 1780 1069 1847 fuisset
1083 1781 1202 1849 directa
1214 1788 1379 1851 nescirem.

257 1885 319 1950 tibi
346 1882 428 1949 baba
456 1881 587 1948 facetias
615 1885 686 1947 tuas
720 1885 776 1947 ant
797 1882 861 1948 illis
883 1901 1023 1962 nasama,
1053 1903 1123 1950 cum
1153 1885 1265 1969 quibus
1288 1890 1381 1955 uobis

257 1987 324 2053 sine
347 1988 407 2051 oris
429 1985 531 2051 officio
560 2004 614 2067 per
637 1985 848 2051 clandestinae
872 1986 1097 2053 familiaritatis
1128 1992 1416 2059 communionsmu

259 2090 374 2155 clamor
396 2093 444 2153 eat
466 2092 603 2154 actuum.
641 2105 711 2154 ecco
740 2088 937 2154 salutationis
960 2090 1226 2159 honorificentiam
1253 2096 1382 2163 soluens

259 2193 422 2276 deprecor,
458 2193 494 2256 ut
525 2190 558 2255 in
587 2190 758 2275 dirigendis
788 2190 932 2274 epistulis
965 2192 1039 2259 loca
1066 2194 1205 2278 tempora
1232 2216 1382 2281 personas

258 2294 425 2374 adtendas,
449 2314 487 2359 na
509 2293 589 2377 quod
611 2311 667 2378 ago
690 2293 729 2359 ad
754 2314 803 2359 me
826 2296 980 2379 scriptum
1002 2315 1062 2362 non
1086 2303 1219 2383 conputo
1242 2302 1383 2369 alterurn

259 2398 389 2463 forsitan
411 2396 527 2473 laedat,
559 2396 631 2478 quia
653 2396 783 2461 aestimo
805 2398 837 2461 te
857 2396 950 2462 huius
974 2398 1124 2481 epistulas
1147 2400 1312 2469 formulam
1337 2408 1383 2471 ad

258 2500 410 2585 plurimos
439 2500 608 2564 destinasse
638 2504 670 2564 st
699 2500 766 2564 sola
795 2502 956 2567 nominum
979 2506 1206 2570 conmutationc
1228 2525 1300 2573 sam
1323 2529 1421 2591 perso

258 2605 398 2689 singulos
421 2604 486 2668 sine
509 2601 692 2668 meritorum
715 2604 957 2669 consideratione
980 2606 1200 2673 transmittare.

770 2774 861 2839 XIII.

631 2890 813 2948 ENNODIVS
839 2892 1001 2952 OLIBRIO.

300 2997 344 3063 Vt
365 2998 464 3063 tradit
487 2999 637 3081 quaedam
660 2996 855 3080 eloquentiae
877 3018 1005 3081 persona
1026 2998 1180 3083 sublimis,
1203 3003 1253 3068 len
1276 3014 1322 3070 est
1348 3008 1385 3074 in

257 3100 400 3183 epistulis
415 3099 613 3184 neglegentia
624 3104 656 3165 et
667 3103 826 3167 auctorem
839 3104 924 3186 genii
940 3103 1050 3169 artifex
1059 3122 1092 3169 sa
1104 3106 1232 3189 praebet
1248 3110 1384 3177 incuria.
1398 3136 1426 3173 as

310 3310 452 3390 1r0ani
467 3337 495 3390 V
594 3340 622 3392 aa
644 3352 694 3392 aa.
713 3338 741 3391 Β
843 3340 995 3395 ostansa
1022 3342 1049 3396 n
1160 3346 1318 3403 amaeam
1351 3352 1386 3417 r,

256 3461 378 3512 auctores
396 3458 452 3513 P¹b
538 3459 649 3527 repetun
667 3458 694 3513 L
787 3462 804 3513 4
822 3460 978 3517 distinentis
996 3462 1032 3531 B,
1057 3438 1200 3519 destinatis
1217 3466 1245 3522 L
1333 3472 1389 3525 ad-

257 3542 356 3611 fligit„
374 3542 401 3597 Β
502 3544 518 3597 5
535 3542 586 3597 boc
604 3544 632 3599 Β
647 3560 669 3598 a.
681 3544 699 3597 l.
801 3547 818 3601 6
835 3562 965 3617 nusquam
978 3553 1002 3617 (a
1014 3550 1046 3604 ἐκ
1057 3553 1122 3618 ras.)
1138 3552 1168 3618 Β,
1187 3558 1305 3623 adquam
1317 3556 1390 3618 LP.

258 3642 393 3696 nunquam
410 3629 427 3682 b
529 3629 544 3683 'i
563 3630 706 3699 participes
723 3631 807 3699 (parti
824 3634 933 3703 taras.)
953 3634 979 3687 V
1076 3638 1093 3689 8
1111 3637 1236 3707 discripsi
1254 3641 1310 3696 BL

256 3730 339 3783 quam
356 3712 423 3768 ΒΨ
519 3714 630 3769 9danea
649 3721 674 3779 (a
685 3717 731 3771 ael
742 3718 753 3770 i
765 3724 845 3785 cren)
864 3718 890 3771 V
984 3736 1059 3775 meus
1072 3738 1105 3777 ac
1117 3724 1195 3779 metis
1214 3725 1311 3781 Vm

256 3800 434 3857 confidentem
454 3800 479 3854 Β
579 3802 613 3857 10
634 3818 711 3857 raum
727 3820 763 3858 ec
779 3804 862 3859 ratim
882 3806 957 3861 Vna
970 3811 999 3874 1,
1026 3822 1074 3863 reu
1090 3809 1118 3862 Β
1221 3814 1393 3871 munifestat

258 3906 299 3959 ira
318 3904 344 3958 Τ
434 3886 536 3959 ”iunius
552 3905 581 3958 Β
676 3908 707 3961 ll
720 3908 784 3961 ateli
796 3908 834 3963 B¹
928 3910 1089 3965 sententiam
1108 3912 1144 3969 12¹
1151 3913 1185 3969 V¹
1283 3918 1316 3972 12
1336 3936 1393 3973 no-

258 3992 315 4044 stro
329 3990 420 4057 Sirra„
447 3994 537 4046 uestro
554 3991 709 4048 BLPTVb
805 3997 837 4051 13
850 4012 947 4051 nomon
960 4000 1070 4053 enomts
1081 3999 1109 4053 Β
1203 4004 1235 4057 14
1246 4019 1396 4062 resarum·

260 4080 302 4143 (nt
315 4076 441 4147 crea.)L
536 4080 568 4131 15
580 4078 809 4137 clamdestinaaf'
901 4082 932 4136 16
944 4084 1057 4139 nobili
1152 4087 1185 4142 19
1199 4087 1272 4143 ledat
1285 4090 1313 4145 Β

257 4162 294 4216 20
311 4162 546 4218 commutationem
563 4163 636 4219 ΡΨ·

312 4265 390 4320 ΧΙΙΙ.
425 4264 459 4320 23
476 4264 571 4321 olibrio
592 4268 618 4322 Τ
712 4268 746 4322 25
764 4270 929 4340 negligentia
945 4270 1012 4328 ΒΤ
1103 4275 1207 4345 presbit
1225 4278 1252 4333 Β
