2934 4934
464 383 699 453 Epistularum
716 382 806 439 libor
823 383 846 439 1.
1197 385 1216 449 7

98 574 263 657 perniciem
285 592 387 640 meam
408 574 568 642 lellaoium
590 575 772 641 nuntiorum
793 574 947 641 diabolica
961 594 1032 642 oum
1047 575 1214 641 soourituto

97 679 168 742 uota
189 678 398 756 mentiantur,
430 679 548 744 utnon
569 677 612 743 sit
633 681 671 744 ud
693 679 781 744 ouius
802 679 970 745 ueritatem
998 682 1068 761 post
1093 678 1216 743 fabulae

95 780 219 845 redeam
240 798 299 846 neo
319 780 374 863 qui
395 782 538 846 animum
558 800 664 847 meum
685 782 753 846 ueri
775 780 1038 847 demonstratione
1052 782 1213 847 sustentet.

95 900 169 949 oauo
190 882 282 964 fame,
303 884 350 948 mi
371 883 510 949 domine:
532 883 693 949 uobisoum
715 883 793 949 mihi
814 886 877 950 alie
898 902 947 949 res
966 886 1031 950 est:
1054 884 1139 949 uliud
1155 884 1216 949 lori

77 986 159 1065 eiua,
189 985 276 1051 aliud
305 985 446 1052 triolinii.
484 986 593 1052 audiat
618 988 652 1050 te
673 1004 752 1069 quae
781 986 813 1051 in
836 988 1067 1052 conuersatione
1088 986 1214 1068 publiea

93 1086 236 1155 didioorio
258 1087 382 1154 familia
395 1089 564 1155 domestica
577 1089 787 1154 retexentem:
810 1089 1022 1155 subiootorum
1043 1090 1161 1155 animos
1183 1090 1216 1155 ot

93 1191 202 1257 fideles
221 1192 261 1255 ut
280 1191 400 1275 putetis
420 1192 541 1257 mentes
562 1190 748 1258 relationum
770 1192 949 1257 uestrarum
970 1190 1047 1257 oibis
1069 1191 1154 1268 alite,
1177 1210 1216 1255 no

92 1295 198 1360 ieiuna
218 1294 393 1360 umioorum
415 1294 508 1360 oorda
528 1293 646 1360 talibus
668 1293 795 1359 loroulis
816 1295 941 1376 inpasta
962 1294 1142 1359 moriautur.

617 1484 695 1549 IIII.

64 1640 85 1679 1o
478 1619 616 1674 devoro
639 1617 831 1675 Ennomvs

131 1740 342 1823 Anaguostioi
364 1740 456 1807 fidem
486 1742 610 1807 seoutue
632 1744 665 1807 et
684 1745 800 1808 madeo
816 1740 965 1808 orationis
980 1759 1086 1825 sapore
1103 1758 1215 1823 prouo-

91 1846 190 1928 oatus,
202 1863 280 1928 pone
288 1845 405 1910 uitium
414 1862 478 1908 osse
491 1843 607 1908 credidi
621 1861 689 1909 rem
694 1842 822 1909 uirtutis
834 1844 866 1909 et
875 1844 1026 1928 dumplus
1037 1861 1216 1909 sermonum

20 2015 21 2038 χ
92 1946 271 2013 &adamata
285 1946 375 2012 oredo
389 1947 493 2012 ualere
507 1966 601 2030 quam
616 1947 849 2028 conscientiam,
872 1947 994 2030 eulpam
1017 1964 1110 2032 quam
1127 1965 1216 2013 mens

20 2045 21 2138 l
90 2049 362 2135 nonagnoscebat
384 2048 511 2116 iuourri.
534 2068 597 2115 nou
611 2051 657 2115 aio
671 2050 771 2116 oeruis
794 2049 885 2117 sibilo
907 2049 1080 2117 artilioibue
1094 2050 1216 2117 insidiis

61 2152 224 2219 ublaudus
246 2154 373 2217 uenator
390 2154 515 2233 inludit,
536 2172 597 2220 non
619 2153 667 2219 ita
686 2155 851 2237 pinnarum
866 2154 1000 2219 mentita
1014 2152 1215 2222 formidinem

20 2296 21 2340 3
89 2254 295 2321 disooloribus
316 2255 398 2321 lueis
418 2258 501 2322 ultro
525 2256 695 2339 expetenda
721 2256 802 2322 retia
823 2274 933 2323 manus
964 2257 1115 2339 magistre
1144 2274 1216 2321 oon-

20 2351 21 2440 }
88 2359 193 2440 ponit,
232 2358 496 2439 quemadmodum
533 2378 584 2425 me
619 2361 745 2442 captum
779 2360 812 2424 et
843 2364 951 2443 sponte
985 2360 1127 2442 oapietris
1161 2376 1215 2423 ora

20 2443 21 2536 l
88 2460 300 2545 porrigentem
322 2462 547 2545 magnitudinis
568 2464 690 2527 uestrae
712 2465 840 2528 tenuero
861 2479 1026 2528 sermones.
1057 2461 1214 2528 oommisei

88 2564 210 2629 uosoius
224 2563 315 2629 uobis
329 2562 576 2649 inpugnantibus
589 2565 642 2630 diu
657 2566 764 2631 utrum
779 2584 877 2631 essem
893 2566 1038 2631 iunooens
1054 2565 1212 2649 iuquisiui.

60 2667 174 2734 ualiud
209 2666 387 2732 sentiebam
420 2669 458 2732 de
480 2668 616 2753 epistula
636 2671 756 2746 uestra,
786 2668 870 2734 aliud
894 2670 931 2734 de
952 2669 1108 2752 proposito
1130 2686 1211 2735 meo.

21 2805 22 2808 =
89 2770 155 2852 quis
179 2786 258 2853 rogo
286 2768 349 2835 fuit
370 2770 512 2852 patrandi
541 2770 665 2837 eoelerie
693 2770 760 2837 tam
781 2774 932 2836 uenustus
965 2771 1129 2851 admissor,
1161 2772 1214 2855 qui

74 2873 310 2958 ’purgationem
343 2874 497 2954 erederet,
528 2873 557 2938 si
590 2874 690 2939 abeno
725 2892 757 2938 se
783 2873 935 2939 fateretur
962 2876 1124 2957 praesepto
1156 2890 1213 2937 suo

139 3127 1215 3199 1puuitiemT32ydabmeeiatipmoaobmieoooodiu'·

89 3212 550 3283 bsenoniafreqaenteequoel'
572 3215 641 3270 etr]
662 3215 715 3270 soli
736 3215 1214 3271 abdmnieiobimomoatioeoe

88 3299 239 3354 uidemur
255 3315 314 3353 non
330 3300 427 3354 notaui
526 3299 660 3355 fassnoiam
678 3301 706 3356 L
813 3301 881 3356 tad
899 3302 927 3355 Β
943 3316 963 3359 s.
984 3303 1002 3357 i.
1103 3301 1214 3357 laliud

89 3382 138 3438 lori
149 3385 192 3439 ins
204 3382 282 3438 aliud
293 3384 318 3450 b,
336 3384 390 3439 alis
401 3385 456 3440 fori
467 3386 509 3440 uis
521 3387 574 3453 (ius
585 3385 651 3454 BL)
663 3386 717 3440 alin
731 3385 868 3442 BLPTV
952 3388 969 3441 5
981 3386 1097 3442 triolinis
1109 3386 1146 3442 Π

89 3470 318 3555 oonuorsaiionem
334 3471 362 3523 B
463 3472 481 3527 8
498 3472 666 3543 lupen-solra
684 3473 712 3528 L
728 3476 772 3527 sta
789 3488 859 3528 στω.
1163 3458 1174 3479 ⁰

136 3590 206 3646 1111.
235 3591 267 3646 ll
286 3591 455 3663 uuuguoetioi
466 3590 557 3659 Sim,
575 3592 741 3662 anagniatioi
753 3590 895 3658 BLPTV,
912 3591 990 3647 amioi
1007 3592 1031 3657 b,
1048 3596 1213 3664 anagnostae

88 3676 131 3729 ed
151 3676 302 3731 anmnisd
324 3678 395 3733 oosot
414 3678 541 3734 &botae
557 3678 590 3732 in
605 3694 655 3750 eno.
759 3676 841 3733 suade
858 3677 899 3746 Β,
926 3693 1024 3733 suanno
1041 3678 1103 3743 LV,
1132 3696 1213 3734 suaue

89 3760 159 3830 ΡΨ,
176 3763 256 3817 suani
277 3762 330 3818 Po
427 3764 544 3819 orationi
563 3763 590 3818 T
689 3764 723 3819 ln
740 3778 822 3832 poeno
838 3761 867 3817 Β
963 3779 1020 3818 osse
1037 3763 1137 3819 orodidi
1154 3781 1211 3820 rem

89 3844 126 3911 Β,
152 3864 211 3905 osee
234 3846 394 3903 orodidmm
415 3848 511 3914 ΜΨ,
539 3849 696 3904 erediderim
712 3864 770 3904 esso
787 3849 847 3917 Pb,
873 3848 974 3905 oredidi
993 3864 1049 3904 rom
1065 3866 1122 3905 osso
1138 3852 1211 3911 oona,

90 3930 167 3992 Sim.
275 3934 308 3989 14
333 3932 422 4003 sibylo
449 3934 508 3991 LV
607 3936 639 3991 15
665 3934 760 3991 illudit
789 3936 815 3990 Τ
838 3936 1098 4007 ειείορῐιηωῃιω
1122 3938 1213 4007 ilpro

88 4018 115 4072 nl
199 4018 407 4075 lormidinePb
504 4020 764 4077 ldmauusosaB
857 4021 1145 4093 magistramanusi'

88 4146 215 4211 muneret
233 4140 262 4195 Β
361 4140 393 4194 li
411 4108 512 4210 apud
530 4144 556 4196 Τ
651 4144 684 4199 19
701 4144 779 4199 nobie
796 4160 846 4199 om.
864 4144 892 4197 Β
988 4144 1212 4213 impugnantibur

88 4225 239 4369 {lgm
276 4226 311 4280 bo
335 4228 452 4296 epistola
478 4228 558 4285 ΜΨ
650 4228 699 4316 ¹21
728 4231 857 4283 uenustus
882 4243 935 4285 eor.
964 4227 1059 4296 Sim,
1087 4234 1212 4286 uetustus
