2934 4934
472 408 707 479 Epistularum
725 408 813 462 liber
830 408 868 463 II.
1189 410 1231 475 53

111 599 141 665 in
164 619 225 685 quo
248 619 339 683 epere
361 600 439 665 illud
462 599 645 666 subducitur
665 600 801 684 gratiae,
824 600 904 682 quod
927 598 1119 683 cruciatuum
1143 598 1231 665 testis

110 708 203 771 sudor
225 703 393 769 inuenerit.
417 703 550 768 caminis
573 706 698 768 excocta
719 700 881 767 fabrilibus
904 699 1003 766 uerba
1025 718 1085 766 non
1108 701 1232 787 flagitat

36 848 39 852 «
109 806 221 872 salutis
250 824 325 871 snae
353 805 483 871 nuntius
520 808 551 869 et
580 805 736 887 quaesitor
757 805 886 869 alienae.
918 804 1030 869 melius
1053 804 1105 889 [si]
1129 806 1161 871 in
1182 804 1231 870 his

108 908 305 975 commerciis
326 928 405 991 pura
426 891 635 973 elocutionum
664 906 767 973 fronte
796 906 1026 991 congredimur:
1058 906 1233 972 diademata

87 1012 240 1097 rsimpler
279 1012 434 1094 conloquii
468 1012 570 1076 cultus
602 1011 742 1077 abierat:
781 1009 959 1093 epistularis
992 1011 1167 1076 communio
1206 1012 1232 1077 si

107 1115 234 1200 qnando
256 1114 436 1180 adscutum
459 1114 601 1178 decorem
623 1111 722 1197 fugit,
747 1112 892 1179 obtinuit.
931 1112 986 1178 sed
1007 1112 1232 1195 magnitudinis

110 1219 236 1283 nestrae
259 1217 346 1283 dines
369 1218 401 1281 et
418 1216 599 1281 elucubrata
620 1215 757 1280 narratio
780 1216 931 1281 mendicis
952 1215 1109 1282 limitibus
1131 1218 1232 1283 nescit

108 1319 231 1385 includi
265 1338 322 1385 nec
354 1319 415 1385 oris
453 1318 635 1385 thesaurum
663 1318 907 1403 quibuscumque
940 1320 1043 1385 artare
1076 1319 1231 1385 confiniis:

108 1442 296 1506 magnorum
317 1441 403 1487 more
417 1422 585 1488 fluminum
600 1423 739 1505 riparum
754 1422 843 1487 frena
865 1423 1047 1490 contemnit.
1070 1440 1141 1488 nam
1157 1423 1231 1489 dnm

76 1547 99 1582 ω
109 1526 306 1608 conpositum
329 1522 472 1590 uelamen
488 1522 698 1606 occupationis
711 1524 849 1608 locuples
864 1525 972 1605 lingua
994 1528 1232 1611 transgreditur,

111 1628 165 1692 his
187 1632 315 1693 tantum
338 1647 371 1692 se
394 1628 506 1694 studiis
521 1628 659 1694 militare
675 1628 841 1713 significat,
864 1627 994 1712 adquae
1010 1629 1061 1695 nel
1076 1630 1233 1696 occasions

109 1732 263 1814 perducta
285 1735 341 1796 est.
361 1738 393 1795 et
410 1732 470 1796 nisi
483 1731 571 1796 nobis
587 1731 700 1814 quietis
715 1736 838 1796 nostrae
853 1730 1030 1797 testimonio
1045 1732 1234 1815 reipublicae
1282 1742 1300 1780 c

18 1865 19 1900 ;
110 1835 327 1919 gubernacula
348 1837 533 1901 sentiremus
554 1835 651 1900 fuisse
675 1836 829 1901 conmissa
856 1835 888 1900 et
909 1855 975 1901 rem
998 1836 1111 1903 laboris
1134 1839 1232 1903 uestri

18 1971 19 1976 =
110 1957 179 2003 esse
201 1937 348 2021 quicquid
363 1937 478 2022 ubique
494 1939 668 2020 disponitur
685 1938 737 2003 nel
753 1937 863 2003 Italiae
887 1954 994 2003 curam
1017 1939 1234 2007 didicissemus

76 2060 209 2106 sunum
231 2041 340 2125 pectus
361 2040 548 2126 ingressam,
586 2059 685 2123 paene
706 2058 762 2105 uos
785 2041 851 2105 sola
873 2043 1055 2125 putaremus
1077 2042 1232 2129 paginalis

108 2145 178 2211 stili
201 2162 277 2209 cura
298 2145 331 2210 et
354 2144 543 2210 adsiduitate
564 2144 725 2209 macerari.
749 2143 806 2209 deo
824 2143 973 2210 debentur
994 2144 1071 2211 haec
1091 2164 1233 2225 munera,

18 2285 19 2290 κ
107 2249 164 2331 qni
187 2251 221 2311 et
240 2248 412 2312 amatorem
427 2247 576 2313 scientiae
590 2265 714 2313 sonsum
730 2246 864 2312 contulit
879 2247 911 2313 et
932 2247 1040 2312 limam
1056 2248 1230 2315 studiorum

107 2352 147 2415 ad
171 2349 237 2414 oris
253 2349 405 2416 fabricam
419 2368 481 2415 non
496 2350 633 2434 negauit.
658 2367 720 2414 nen
736 2349 782 2414 sic
797 2349 904 2433 pernix
916 2350 1025 2414 aether
1040 2352 1110 2416 acta
1124 2353 1229 2418 neruis

18 2443 19 2486 ³
105 2454 228 2519 arundo
250 2451 429 2535 proscindit,
454 2452 713 2536 quemadmodum
727 2452 856 2517 inuento
877 2452 994 2536 ingenii
1010 2455 1107 2519 uestri
1129 2474 1230 2521 sermo

73 2555 268 2621 adescribit.
311 2554 400 2619 nulla
426 2554 602 2638 languescit
630 2553 733 2633 obice,
771 2554 867 2621 nullis
889 2556 1030 2621 tardatur
1052 2556 1232 2637 obstaculis,

104 2657 141 2722 fit
163 2657 276 2741 peruia
298 2676 510 2741 quaecumque
542 2676 576 2723 se
597 2659 646 2723 illi
668 2656 836 2723 difficultas
869 2657 1019 2723 obtulerit
1050 2662 1082 2723 et
1116 2661 1231 2727 mirum

105 2762 140 2826 in
162 2761 294 2827 modum
316 2779 372 2843 per
393 2760 558 2846 allegantis
589 2761 736 2843 peritiam
756 2764 898 2827 mutatur
916 2765 1029 2829 natura
1051 2781 1233 2830 causarum:

106 2865 165 2931 boc
187 2864 266 2929 facie
293 2864 326 2928 in
356 2865 469 2929 merito
504 2866 663 2948 negotium
692 2864 837 2930 hsbuisse
865 2864 945 2947 quod
972 2864 1092 2947 cupias:
1114 2869 1233 2935 ueritas

106 2972 154 3033 est
179 2967 399 3049 quodcumque
427 2986 483 3052 pre
512 2968 644 3033 ueritate
670 2967 816 3033 narratis.
851 2966 926 3033 binc
950 2970 1049 3034 cautis
1078 2970 1231 3038 indicibus

73 3089 168 3137 anon
191 3068 268 3135 licet
290 3088 472 3154 repugnare.
501 3071 706 3137 minutissimi
727 3070 913 3136 discussores
936 3071 1086 3154 opinionis
1109 3076 1230 3141 lucrum

157 3362 171 3413 1
192 3358 321 3415 subducit
338 3358 354 3412 b
456 3359 606 3415 cruciatum
622 3359 737 3425 L¹PV¹,
761 3358 928 3413 cruciatuum
946 3360 967 3411 t.
985 3358 1065 3414 sudor
1084 3360 1109 3413 T
1126 3362 1159 3414 ta
1175 3376 1231 3417 ras.

103 3449 173 3501 Μ
260 3444 459 3499 3siencinces'
548 3443 740 3499 drommertiis
753 3444 813 3499 LV
894 3444 1031 3515 bsimplix
1044 3444 1071 3499 Β
1156 3447 1231 3501 lno-

18 3539 19 3542 ’
104 3532 199 3586 strsT
297 3529 408 3583 dinisB
504 3531 702 3599 elugubratsT
796 3531 1044 3587 Sthensaurnt
1142 3533 1231 3587 econ-

102 3648 346 3720 empnrennnr
438 3650 471 3703 10
489 3616 594 3720 roais
606 3650 641 3717 n,
659 3650 833 3719 nsipiens
929 3651 961 3705 re
979 3651 1183 3719 gubernaculum
1203 3658 1232 3719 (2

18 3819 19 3830 χ
102 3754 351 3821 ulciscerer.)
371 3752 398 3806 V
478 3752 575 3808 laberis
593 3755 627 3820 (is
645 3770 680 3809 ec
697 3770 739 3808 em
756 3758 838 3822 corr.)
862 3756 888 3809 V
970 3756 1054 3809 nestri
1072 3758 1094 3827 (i
1111 3758 1145 3813 in
1161 3762 1232 3828 res.)

18 3841 19 3913 ]
104 3857 129 3910 Τ
235 3855 269 3909 14
286 3870 343 3909 esse
360 3871 410 3909 eas
429 3856 456 3910 T
551 3858 683 3927 quidquid
701 3859 729 3912 B
829 3859 1020 3915 dedicassemus
1038 3861 1073 3923 Β,
1091 3858 1231 3915 didicesse-

103 3975 164 4013 mus
183 3958 246 4013 LV
336 3960 369 4013 15
386 3960 538 4029 ingressum
556 3960 626 4016 LV¹
711 3976 793 4032 poene
812 3964 846 4029 B,
864 3978 963 4033 poenae
988 3963 1117 4033 Vpeene
1136 3962 1163 4016 L

102 4060 351 4116 remunerarem
369 4060 396 4115 n
500 4062 533 4116 re
551 4061 710 4117 sensorum
729 4064 755 4117 n
859 4036 952 4133 acenti
970 4063 1011 4127 n,
1042 4062 1118 4117 senei
1136 4062 1164 4118 n

104 4165 137 4218 19
155 4164 311 4234 proseendit
329 4165 364 4231 B,
391 4164 540 4233 proscindit
558 4166 584 4221 L
603 4171 615 4183 ⁴
636 4164 701 4222 ado.
719 4184 755 4221 m.
769 4182 820 4221 rec.
924 4166 1069 4221 admodum
1089 4167 1115 4220 Τ
1131 4168 1231 4223 inrue.

102 4252 179 4306 m.2
282 4250 317 4304 20
334 4250 458 4307 discribit
475 4252 531 4306 BL
632 4252 783 4321 languiscet
802 4254 829 4307 B
933 4252 967 4307 23
984 4252 1165 4311 immeritoT

101 4336 137 4389 id
155 4335 277 4388 narrasti
293 4337 356 4402 sort·
