2934 4934
241 367 308 439 248
603 366 865 438 linguinensis
882 367 1013 425 Eunedi

245 559 409 639 edisserit,
432 557 554 626 llunodi
575 557 759 625 memoriam
786 578 854 629 nou
878 557 1020 643 fugabis,
1067 563 1190 643 quando
1218 559 1308 626 nulla
1328 559 1376 626 sio

246 663 340 732 cessit
368 663 467 729 maior
494 661 659 746 diligentia
687 664 720 728 et
747 663 819 748 pius
847 680 934 728 amor
961 663 1103 730 exclusus
1132 666 1180 729 est
1207 665 1376 729 tantuma

245 768 369 853 peutors
391 768 455 846 tuo,
478 767 630 848 quantum
653 765 693 832 ab
716 752 814 832 oeulis
829 763 1049 832 submouobor.
1082 784 1176 832 sunus
1196 767 1263 833 esto
1285 764 1375 832 selua

244 873 314 937 uita
340 870 439 953 putris
466 871 499 936 et
528 869 639 936 dumis
665 869 732 935 tui:
767 871 851 936 deus«
873 869 973 945 uubis
989 867 1182 938 benemeiat:
1203 873 1375 954 agnosouut

245 973 328 1057 qnod
349 976 460 1056 pssunt
481 973 640 1040 nuditum:
676 973 768 1056 quale
795 972 894 1039 uultis
912 974 1007 1040 oinos
1026 993 1078 1040 me
1099 974 1243 1042 exhibete
1262 991 1404 1056 propo-s

243 1077 351 1144 situm.
394 1095 493 1144 uuum
526 1080 559 1144 te
573 1112 575 1121 ·
590 1094 664 1161 rogo
685 1077 810 1144 vlrouore
838 1077 1037 1146 salutationis
1060 1077 1208 1156 exhibito,
1230 1079 1269 1142 nt
1290 1077 1374 1160 apud

244 1180 374 1247 domnos
407 1181 564 1265 apostolos
595 1199 652 1265 pro
689 1197 740 1246 mo
773 1181 913 1266 diffusis
945 1199 1054 1264 preses
1085 1181 1211 1261 offerre,
1245 1180 1285 1245 ut
1314 1179 1375 1264 ipsi

243 1283 386 1350 miserius
406 1299 496 1350 mass
517 1281 874 1354 medieiueliteruumut
892 1302 951 1350 nuo
965 1285 1128 1368 patimurr
1141 1303 1193 1350 me
1204 1285 1375 1368 quisquam

243 1387 329 1453 uelle
351 1390 434 1472 quod
457 1404 520 1455 uon
535 1390 648 1454 deuetz¹
663 1388 822 1470 mstiqeut
837 1391 1106 1472 praesumptiones
1120 1388 1237 1454 mentis
1257 1390 1294 1454 at
1307 1407 1374 1456 oor·

243 1491 336 1574 poris.
369 1493 501 1577 quodsi
522 1493 630 1578 fanias,
659 1493 756 1559 oredo·
771 1509 827 1575 pro
846 1493 1027 1558 iunooeutia
1047 1496 1081 1558 et
1101 1494 1242 1575 paritate
1262 1494 1322 1558 tua
1342 1495 1404 1556 teo

243 1595 357 1662 melium
377 1613 433 1680 pro
455 1613 514 1676 me,
536 1613 632 1680 quern
653 1596 682 1661 si
704 1613 805 1662 essem
827 1613 932 1662 oerum
953 1595 1086 1679 positus,
1108 1594 1309 1661 audiendum.

743 1769 879 1838 xxvn.

499 1885 684 1945 uuunnrvs
703 1887 912 1947 svsmmno
935 1885 1119 1944 urrsuoro.

286 1993 390 2061 Debeo
412 1991 559 2078 squidem
585 1992 683 2062 dolori
712 2011 782 2064 meo
804 2009 923 2070 nonem,
954 1993 1011 2060 ssd
1036 1993 1228 2061 reuerentiae
1249 1997 1373 2060 uestras

243 2098 504 2164 taeituruitatem
539 2097 572 2164 et
599 2096 680 2162 forts
707 2096 822 2164 melius
843 2115 1017 2164 maerorem
1038 2099 1077 2165 de
1099 2096 1297 2167 abstinentia
1316 2113 1402 2166 sur-1⁵

246 2201 348 2268 monis
369 2202 469 2266 uestri
489 2201 669 2283 loqueretur
691 2205 782 2266 muta
803 2200 1030 2270 dissimulatio:
1057 2201 1212 2269 urbanum
1233 2203 1322 2270 enim
1342 2204 1374 2268 et

244 2303 362 2370 subtile
384 2306 462 2383 erut,
489 2305 526 2370 ut
546 2304 646 2370 isdem
662 2302 754 2371 lineis
768 2303 882 2386 quitus
897 2306 929 2370 iu
944 2323 995 2370 me
1010 2303 1203 2387 delinquitur
1216 2307 1373 2387 potiorum

247 2407 361 2474 delium
382 2408 558 2493 formentur,
580 2406 619 2472 ut
638 2423 747 2475 seeum
770 2406 900 2475 netues
915 2407 1007 2489 eulpa
1021 2407 1205 2477 uindictam.
1232 2409 1291 2475 sed
1312 2425 1373 2492 quo

244 2529 294 2577 me
326 2511 459 2591 nemum,
494 2513 547 2597 qui
579 2511 782 2581 inmemorem
815 2513 879 2578 mei
907 2514 939 2576 et
960 2511 1129 2578 humilium
1151 2511 1300 2578 notitiam
1323 2531 1372 2577 re·

245 2615 410 2697 spuentem
432 2618 605 2701 pertinenia
626 2617 742 2685 amoris
763 2617 885 2699 insequi
899 2634 961 2682 uou
976 2615 1114 2682 quisue
1136 2615 1291 2699 numquid
1312 2631 1402 2681 nous

244 2715 400 2800 repudiati
427 2716 636 2808 inportunitas
662 2722 765 2786 mater
797 2720 932 2786 horroris
964 2721 1023 2797 ast
1055 2737 1127 2783 oum
1148 2718 1296 2804 placendi
1318 2737 1372 2801 per

242 2821 466 2888 adsiduitatem
501 2822 691 2888 desiderium
724 2823 890 2888 materiam
920 2823 1024 2906 erigut
1044 2821 1254 2905 displioendii
1298 2840 1372 2886 nam

241 2925 389 3008 quioquid
411 2925 515 2990 mente
538 2923 675 3008 fugimus
697 2923 855 3007 ingestum
868 2923 966 2990 oeulis
987 2924 1043 2989 uix
1063 2924 1218 2990 uidemus.
1241 2923 1371 2989 simili

241 3028 350 3094 liueret
377 3029 479 3094 adhue
507 3027 628 3111 aequali
658 3045 730 3094 uum
759 3027 954 3096 beatitudins
982 3032 1040 3093 tua
1061 3034 1144 3093 sorte
1167 3027 1368 3094 contendere!

244 3131 301 3196 sed
322 3133 481 3196 dormiunt
513 3133 596 3217 apud
630 3145 776 3198 eoronam
809 3136 898 3197 tuum
931 3131 1173 3215 propinquitatis
1194 3129 1400 3214 priuilegia,s

245 3237 411 3318 postquam
425 3233 513 3317 pater
528 3251 593 3301 esse
608 3235 761 3300 meruisti.
786 3235 904 3300 retinet
918 3235 1083 3318 quisquam
1098 3235 1261 3300 hominum
1271 3234 1369 3317 perire

242 3464 247 3475 ’
295 3457 308 3510 1
334 3455 442 3511 ennodii
467 3453 520 3512 Pb
623 3429 654 3512 sd
665 3441 746 3513 osasit
762 3453 805 3523 Β,
830 3456 958 3512 suecessit
973 3457 1041 3524 fort.
1143 3428 1318 3511 dsubddbor
1334 3452 1371 3520 B,

240 3541 418 3597 submonebar
439 3541 505 3607 fort.
607 3544 625 3598 4
648 3546 797 3630 agnosednt
819 3543 845 3598 T
864 3559 935 3599 sors.
953 3545 1021 3598 m
1123 3544 1140 3599 5
1162 3543 1254 3597 uultes
1277 3541 1305 3596 Β

239 3647 258 3700 8
274 3646 401 3701 meserias
418 3646 460 3701 Βι
556 3649 661 3701 eureus
678 3649 799 3716 (rema)
814 3647 842 3702 Β
937 3643 1082 3716 quidquam
1100 3645 1127 3700 Β
1222 3647 1256 3700 11
1273 3644 1370 3712 eoram]

241 3745 381 3800 oorpornm
399 3731 427 3787 L
865 3745 868 3751 ·

292 3833 407 3894 xxvn.
443 3835 476 3890 13
500 3840 561 3906 epds
585 3837 614 3891 Β
717 3836 752 3893 14
773 3836 914 3906 sequidem
935 3835 964 3892 Β
1065 3841 1119 3893 ude
1134 3835 1163 3890 Β
1268 3835 1300 3888 15
1316 3848 1371 3886 me·

240 3935 328 3976 rorem
354 3920 412 3976 ΒΤ
530 3923 563 3978 16
588 3924 665 3978 mutu
692 3921 845 3992 loqueretur
873 3921 939 3988 TV,
973 3925 1126 3990 sequeretur
1151 3923 1229 3976 mutu
1255 3920 1302 3974 Po

242 4007 273 4062 17
292 4006 398 4062 hisdem
414 4007 456 4076 Β,
482 4008 583 4064 eisdem
601 4009 651 4064 Po
757 4007 790 4064 18
813 4007 922 4064 heberet
944 4008 972 4064 Β
1075 4007 1111 4064 20
1133 4006 1282 4078 pertinetis
1297 4005 1371 4069 ΒῬ,

240 4095 415 4164 pertinuoium
432 4094 540 4166 ΒΜ,
567 4095 716 4166 pernuntio
734 4095 772 4149 Β“
872 4095 995 4168 nunquid
1016 4096 1042 4151 Τ
1141 4093 1175 4150 21
1193 4091 1372 4164 per-displi-

239 4179 653 4252 alumnusalumnus
676 4181 730 4247 tofi
755 4195 826 4237 eorr-
944 4179 980 4235 22
1006 4181 1090 4252 erigit
1115 4179 1143 4235 P
1168 4177 1301 4235 etSirou

239 4269 450 4359 medoen
551 4305 585 4360 as
607 4303 791 4374 pureque·
