2934 4934
321 388 437 461 Opnsc.
457 389 519 448 vn.
543 389 764 462 Prseceptnn
782 393 821 448 rte
836 392 1035 450 cciluienie.
1175 396 1239 464 411

639 609 712 681 vn.

112 814 393 886 reiecturum
419 814 594 902 QVANDO
619 815 729 888 Iussr
751 819 863 889 SVNT
884 819 1024 890 01111118
1038 819 1240 892 ’ΒΡΙΒΟΟΡῙ

437 936 705 1010 OELLVLANOS
733 939 916 1008 HABERE.

153 1125 246 1198 Nulli
276 1129 405 1196 dubium
436 1135 501 1210 ost,
536 1124 703 1210 homiuem,
736 1129 789 1214 qui
816 1132 947 1197 carnalis
969 1133 1240 1216 concupiscentius

93 1233 283 1301 eiulecebrse
308 1233 388 1300 secri
411 1239 533 1302 emetur
554 1231 697 1299 instituti
719 1234 872 1316 magistre
893 1232 1022 1300 uiuendi
1038 1239 1105 1300 erte
1128 1233 1242 1301 domu:

112 1337 171 1404 erit
201 1341 233 1403 et
261 1334 495 1421 praeceptorum
526 1335 605 1402 inice
635 1336 815 1403 caelestium
849 1339 995 1404 erraticos
1024 1336 1170 1423 palmites
1199 1337 1239 1405 de

112 1439 356 1506 conuersationis
379 1453 451 1506 suec
473 1439 579 1505 redico
601 1440 764 1506 sustulerit
784 1439 877 1508 uiteii
899 1441 1073 1507 traditurus
1088 1441 1238 1518 incendic,

111 1544 268 1610 fructuose
295 1541 454 1632 plenterie
476 1546 515 1610 ed
538 1559 709 1625 supernum
731 1544 837 1610 fouere
863 1543 1002 1611 ueliture
1024 1545 1238 1628 conpendium,

110 1643 194 1712 unde
227 1663 347 1713 annues
382 1643 488 1711 diuise
520 1647 607 1712 iuese
639 1647 766 1729 cupiunt
796 1648 973 1730 pensiones,
1008 1650 1041 1712 et
1063 1665 1135 1713 eum
1157 1646 1239 1714 sicut

79 1773 103 1812 so
111 1750 290 1818 sinceritate
325 1747 518 1815 innocentiae
553 1749 598 1816 ite
625 1749 779 1834 opinionis
807 1753 876 1817 luce
908 1749 1070 1836 peculari.
1106 1767 1162 1815 nec
1181 1748 1239 1816 be·

110 1869 223 1918 norum
245 1852 347 1919 secem
370 1855 552 1920 meritorum
577 1851 793 1919 maledicentis
816 1853 1003 1919 credendum
1028 1858 1078 1919 est
1099 1851 1240 1938 extingui

109 1973 199 2038 posse
222 1953 375 2034 conflatu,
404 1957 561 2040 quonism,
584 1955 644 2022 etsi
668 1956 763 2021 dente
782 1959 935 2039 tangetur
956 1955 1067 2035 incidi,
1091 1955 1239 2039 splendor

109 2060 194 2124 uitue
239 2057 383 2124 umbram
431 2062 603 2125 neuenotee
641 2053 850 2124 oblocutionis
888 2056 1034 2126 excludit.
1078 2063 1238 2126 auctorem

110 2165 256 2246 repetunt
293 2163 456 2239 tenebrae,
493 2176 572 2248 quse
608 2161 647 2228 eci
683 2161 910 2228 inuoluendum
944 2162 1037 2229 inber
1074 2162 1238 2246 optentur:

80 2287 101 2326 u
110 2267 244 2331 nitorem
268 2261 404 2331 siderum
426 2282 486 2330 nox
508 2265 612 2332 infuse
634 2283 695 2331 nen
723 2267 842 2332 obruit:
871 2263 910 2330 ed
932 2266 1061 2350 genium
1083 2265 1238 2333 cleritstis

109 2368 234 2451 proiicit
257 2385 329 2434 cum
352 2367 542 2434 obscuritate
565 2367 743 2435 conflictus:
772 2367 893 2434 lunaris
920 2361 1005 2453 globi
1026 2369 1238 2434 ministerium

111 2469 158 2538 die
186 2467 350 2538 recedente
377 2471 450 2555 plus
478 2471 590 2539 rutilet
612 2473 644 2538 et
665 2473 770 2557 placet
799 2489 855 2538 eno
882 2473 1015 2550 lumine,
1051 2473 1126 2540 dum
1148 2472 1238 2557 fuget

111 2573 260 2640 alienum.
295 2569 353 2640 sub
377 2574 540 2640 externum
561 2576 610 2640 ius
633 2591 694 2642 non
716 2575 859 2642 mittitur
879 2573 933 2658 qui
955 2573 1058 2655 lucem
1079 2573 1180 2640 iecere
1202 2579 1238 2641 ut

111 2679 218 2744 unctor
253 2675 401 2742 adsumit.
446 2677 501 2742 sed
544 2679 689 2760 qnoniam
725 2679 836 2745 noxiee
872 2681 998 2743 mentes
1032 2675 1169 2744 definitis
1204 2695 1237 2742 ee

80 2779 283 2848 ueestiment
304 2777 479 2845 senioribus
502 2797 565 2846 non
587 2779 705 2857 teneri,
731 2783 881 2866 putentes
903 2780 1125 2867 prophetarum
1147 2795 1237 2864 prue-

110 2887 199 2969 copta
215 2880 387 2950 dicentium
410 2901 449 2950 ce
471 2883 727 2950 detrahentis
750 2883 1027 2950 erudicabitur
1049 2901 1120 2949 cum
1135 2885 1238 2950 setetc

110 2985 298 3052 uetercccere
322 2985 356 3051 et
386 2983 595 3052 ualitudinem
623 3003 684 3052 non
717 2985 831 3052 hebere
865 3004 921 3069 per
953 2990 1108 3070 tempore,
1150 2983 1238 3069 quasi

110 3084 242 3154 noueilis
270 3091 394 3156 tentum
422 3088 518 3155 timor
547 3087 698 3155 debeatur
725 3091 854 3157 statutis
882 3094 913 3155 et
941 3091 980 3156 ed
1008 3105 1141 3172 poenam
1168 3106 1237 3154 reos

110 3190 158 3257 lex
179 3209 298 3257 eunose
320 3207 383 3257 non
400 3191 516 3270 uuest,
540 3207 612 3258 cum
627 3191 806 3276 temporum
821 3194 963 3277 operator
977 3195 1053 3259 dene
1068 3191 1238 3276 prophetoe

80 3313 182 3360 seusus
213 3289 313 3361 officie
345 3297 377 3360 et
399 3296 527 3380 entique
554 3293 683 3363 iusserit
705 3299 737 3362 et
760 3296 908 3363 moderno
935 3297 1078 3378 disponet
1101 3294 1134 3361 et
1155 3311 1236 3361 unus

211 3481 244 3536 21
267 3481 348 3540 hoo.
367 3481 410 3548 20,
429 3481 463 3535 13

159 3654 223 3711 m
241 3655 259 3709 ὃ
275 3653 417 3726 magistre]
435 3637 526 3726 iuffn
546 3655 572 3709 T
664 3655 924 3713 icouuersionisL¹
1011 3655 1133 3711 uenum
1146 3656 1172 3710 T

110 3741 127 3796 9
143 3741 244 3798 ednues
262 3741 290 3796 Β
387 3741 499 3811 cupiunt
516 3742 617 3800 mo
715 3745 856 3815 pensiones
874 3747 902 3800 ct
920 3745 944 3811 (e
962 3747 990 3798 et
1006 3744 1040 3798 ie
1056 3746 1122 3808 ree.)
1141 3741 1170 3796 Β

111 3826 141 3923 li
159 3827 259 3882 fec-em
277 3827 305 3882 L
407 3827 515 3897 eximi
534 3829 561 3884 L
666 3829 698 3884 11
717 3835 773 3901 quo
788 3830 858 3896 BL,
884 3836 919 3900 qn
938 3829 976 3897 Τ,
1002 3828 1169 3899 quomodot

111 3931 221 3999 spendor
238 3930 266 3986 Β
367 3927 661 3988 nauticationes·
765 3937 882 3989 octonem
900 3933 958 3988 ΒΤ
1058 3933 1092 3989 lt
1109 3932 1138 3985 iu
1156 3931 1238 3986 mini—

111 4018 273 4074 summu
377 4019 410 4072 11
432 4019 565 4076 mdeste
588 4021 672 4076 ΜΨ
778 4023 811 4077 19
833 4021 997 4080 muniti·
1103 4024 1156 4089 quo
1174 4019 1238 4086 ΒΕ,

112 4121 402 4192 immotique
497 4124 637 4194 monem
736 4125 1018 4197 repensentur
1109 4091 1238 4182 seez&

111 4233 147 4286 tts
163 4233 220 4374 ΒΕ
289 4233 325 4289 11
339 4209 495 4290 {eueniet
512 4233 540 4289 Β
634 4252 694 4291 oum
713 4236 749 4302 Β,
777 4240 884 4293 etcum
900 4237 1033 4294 mre
1130 4235 1164 4291 25
1181 4236 1236 4294 ius*

112 4318 176 4374 seris
223 4323 232 4352 ¹
