2934 4934
404 369 518 440 Opusc.
537 369 591 427 111.
619 368 700 424 Vite
717 369 749 425 B.
769 369 947 437 Epipheni.
1175 371 1238 437 36¹1

110 561 205 646 eopia
226 559 389 638 oenotrios
419 557 546 626 uocauit
573 558 756 641 autiqndtss.
790 558 869 632 hace
889 558 1040 640 quamuis·
1056 557 1239 641 Burgundio

109 662 234 733 inmitis
257 663 411 742 excreuit,
440 664 640 744 nosternon,
670 662 696 728 ei
719 679 781 728 non
803 661 1023 740 emendemus,
1045 660 1239 733 admisimus.

107 768 279 852 populatae
314 764 435 849 patriae
469 781 624 830 essemus
658 782 849 845 succurrere,
881 767 914 828 et
941 781 1051 829 aurum
1080 764 1163 848 spud
1183 783 1239 837 nos

108 871 247 939 hebetm
269 870 303 940 iu
326 871 480 938 uenditis?
514 868 590 951 quid
618 865 764 944 interest,
799 867 940 950 pecuniis
959 885 1000 934 en
1021 867 1106 939 iorre
1130 872 1239 936 aduer-

86 974 268 1048 ssuriorum
300 973 433 1041 animos·
450 969 662 1038 inclinemus?
696 970 850 1037 obtulisse
878 971 962 1054 qnod
989 974 1108 1037 mentes
1137 972 1241 1054 cupiat

107 1077 195 1144 hosti
228 1077 341 1146 uicisse
374 1077 438 1154 est,
471 1074 645 1140 occuluisse
679 1074 826 1156 superari
863 1075 983 1156 suscipe
1014 1093 1089 1158 ergo
1116 1073 1240 1142 curinio

109 1180 283 1246 adiuuante
305 1180 396 1246 huius
410 1177 525 1245 laboris
541 1178 707 1256 sarcinam,
731 1195 767 1242 er
781 1195 845 1259 qua
860 1194 1056 1244 communem
1070 1177 1240 1245 habeamus

108 1286 147 1349 in
170 1284 300 1352 coelesti
322 1282 560 1366 repromissione
587 1282 779 1360 mercedem¹
809 1280 885 1365 quie
904 1299 1004 1348 nonus
1025 1281 1085 1349 iste
1106 1282 1239 1364 propriis

108 1386 292 1474 insignibus
312 1385 425 1454 titulus
440 1387 540 1452 leudis
555 1384 717 1464 adcrescit
742 1403 798 1467 per
812 1403 924 1452 manns
938 1385 1010 1450 tuas
1025 1386 1064 1452 de
1079 1401 1240 1468 oppugne-

73 1490 234 1558 uteribus
274 1491 390 1558 nostr'm
423 1491 489 1556 sine
527 1489 678 1574 sangnine
710 1488 913 1571 triumphare.
957 1490 1101 1572 princeps
1136 1505 1241 1556 eorum

108 1594 322 1662 Gundebadus
350 1597 412 1676 est,
442 1593 493 1660 cui
515 1594 721 1668 reuerentiam
744 1593 792 1658 tui
814 1594 956 1658 uetustas
978 1592 1125 1672 inseruit,
1148 1611 1241 1673 quem

109 1698 240 1765 uidendi
278 1702 310 1764 te
346 1697 445 1766 nimia
485 1697 597 1781 cupido
634 1698 790 1765 stimulat
841 1696 921 1760 mihi
958 1697 1068 1779 credo,
1104 1695 1241 1778 pretium

110 1799 309 1884 captiuitatis
339 1801 472 1868 itsiieae
500 1799 560 1866 erit
587 1803 692 1868 uester
724 1801 884 1882 aspectus:
917 1801 1095 1884 redemptos
1122 1798 1240 1883 putato

109 1923 179 1972 esse
202 1923 279 1988 quos
302 1905 407 1987 cupio,
436 1905 464 1970 si
486 1904 526 1970 ed
548 1908 649 1970 terras
671 1903 745 1970 illes
766 1904 841 1970 tuiis
869 1906 1045 1987 redemptor
1066 1904 1240 1981 aecmeerit.

73 2025 208 2090 isquam
236 2025 351 2090 magno
379 2007 526 2090 suffragio
554 2008 722 2075 uincuntur
751 2006 849 2085 nerii,
879 2007 992 2092 quibus
1013 2012 1046 2072 te
1067 2007 1240 2074 offerimus!

110 2111 168 2176 sed
191 2111 267 2194 qnid
290 2111 432 2180 demoror
460 2130 572 2178 manns
601 2129 678 2179 arne
704 2110 886 2193 poscendus
908 2110 1055 2193 polliceor
1077 2109 1136 2178 tibi
1158 2109 1240 2179 redi-

109 2214 222 2282 uiuum
244 2217 363 2282 stetum
378 2215 540 2300 Ligurine:
561 2214 710 2298 polliceor
732 2213 792 2281 soli
813 2212 969 2282 leetitiam
992 2216 1108 2298 etpost
1123 2216 1239 2281 Trans·

110 2317 254 2401 alpinum
276 2318 558 2403 peregrinationem
581 2318 725 2386 reducem
754 2317 997 2387 secunditatem:
1029 2338 1066 2384 er
1087 2318 1240 2386 arridenti

109 2439 225 2488 aurum
247 2422 307 2490 tibi
329 2423 544 2490 commodatur
566 2439 622 2505 pro
645 2441 706 2504 qne
728 2421 803 2488 talis
825 2421 951 2504 legatus
971 2421 1099 2488 acturus
1123 2422 1185 2487 es''.

72 2566 99 2605 re
155 2541 207 2607 Ad
243 2542 319 2608 haee
352 2543 565 2625 episcoporum
588 2543 641 2608 lux
670 2541 863 2626 Epiphanius
885 2542 1059 2626 respondit:
1095 2543 1239 2625 “quante

108 2645 301 2711 uenerabilis
321 2647 479 2730 prinecps,
502 2650 609 2729 peetus
632 2663 738 2710 meum
757 2645 894 2728 tripudio
916 2645 1096 2727 repleuen's,
1124 2646 1151 2709 si
1173 2663 1239 2710 ser·

109 2765 202 2814 mone
223 2752 330 2831 posset
344 2751 466 2835 ambiri,
489 2767 544 2832 pro
566 2749 686 2815 diuitiis
711 2749 895 2815 meritorum
909 2750 1034 2814 tuorum
1052 2749 1240 2814 inmeditate

110 2854 144 2917 et
166 2851 315 2918 continua
337 2855 430 2919 uerba
452 2853 682 2936 protruderem.
714 2853 769 2917 sed
791 2871 885 2936 qnam
906 2853 1040 2917 sermoni
1058 2868 1127 2916 meo
1141 2852 1240 2917 inter·

111 2956 221 3038 ceptus
255 2956 427 3039 denegetur
456 2974 629 3036 successus,
663 2957 840 3021 monstrant
868 2955 1016 3020 lacrimae
1043 2954 1238 3037 gaudiorum,

74 3077 188 3142 squas
223 3059 364 3124 dolorum
397 3059 540 3124 uinmnas
570 3077 653 3125 nnnc
683 3059 821 3141 parturit
843 3059 1001 3124 exultatio.
1038 3057 1167 3141 proinde
1189 3058 1239 3122 in·

164 3300 180 3351 1
205 3298 335 3352 enoetrios
359 3294 423 3363 BV,
454 3301 571 3353 enotrius
596 3299 631 3364 T,
662 3299 806 3354 enoetrisou
830 3301 854 3366 (t
876 3301 958 3367 aas.)
984 3299 1011 3353 L
1114 3261 1239 3366 arduitas

110 3383 137 3438 L
241 3383 390 3453 immitis]
409 3383 532 3437 terminis
553 3386 579 3438 Τ
680 3385 841 3438 udmisemus
866 3384 905 3438 Βι
1007 3386 1024 3439 3
1047 3384 1184 3453 postulate
1200 3381 1238 3436 L¹

109 3475 142 3524 ut
160 3469 272 3524 uidctnr
366 3469 487 3522 dhoetis
504 3469 576 3523 Boii.
673 3470 808 3524 oculuisse
829 3469 865 3523 Τ·
959 3467 1239 3539 9oppugnetionibuo

109 3555 195 3612 Sim.
316 3556 348 3610 ll
376 3554 549 3624 gondonadue
576 3555 640 3626 BV,
673 3554 848 3624 gundensdus
876 3556 931 3612 Μ’
1043 3557 1179 3610 ememus
1203 3553 1239 3622 B,

110 3679 240 3731 uenustas
259 3676 332 3732 Boii.
437 3675 471 3730 12
488 3643 620 3730 udndendi
638 3675 665 3730 L
768 3669 902 3746 praetium
924 3675 955 3742 V,
980 3626 1097 3745 precium
1115 3675 1172 3730 BL

112 3799 146 3854 14
159 3795 326 3866 sapesso
340 3796 422 3852 sem.
522 3797 740 3851 uerendum
757 3797 792 3860 n,
819 3762 940 3850 renisam
962 3795 989 3851 r
1084 3797 1115 3850 rr
1133 3793 1239 3862 iterus

110 3885 150 3939 L¹
246 3884 280 3938 18
297 3879 544 3953 perekrenatienem
562 3884 601 3938 Βι
688 3883 900 3938 ieomditataL
989 3882 1126 3938 medenti
1142 3881 1171 3936 Β

112 3971 146 4024 19
163 3969 319 4028 comedatur
338 3971 373 4026 2⁴¹
474 3969 560 4026 tantis
581 3972 607 4024 Τ
703 3987 731 4023 es
749 3969 786 4038 B,
811 3971 853 4023 est
871 3968 955 4023 LTV
1014 3967 1089 4038 ‚20
1106 3965 1238 4037 epiiuuinr

111 4054 226 4113 13an
323 4055 461 4126 respondit
483 4071 532 4112 ons
557 4055 639 4112 sem.
748 4057 781 4109 21
809 4055 945 4124 tripudioe,
971 4055 996 4106 T
1095 4053 1238 4122 repleberis

111 4143 139 4196 Β
238 4141 272 4195 22
288 4140 375 4211 possit
393 4141 458 4195 libri
555 4139 662 4194 diuieiis
679 4137 707 4194 B
806 4138 967 4194 inmedicete
985 4136 1036 4204 L,
1115 4137 1149 4192 23
1167 4139 1238 4193 inter

110 4231 181 4296 cept*
199 4227 278 4295 (nept'
291 4229 324 4281 iu
335 4229 403 4298 rus.)
424 4228 453 4294 T,
480 4227 657 4294 intercoeptus
679 4225 740 4280 LV
831 4227 865 4281 24
883 4233 1018 4282 successus
1038 4223 1102 4280 Tic
1113 4240 1169 4280 rue.

110 4315 145 4368 25
161 4313 274 4384 proinde
291 4313 372 4380 Bou„
400 4312 507 4382 perinde
524 4313 590 4368 iibri
