2934 4934
552 378 669 485 Dicito
687 428 767 487 VIII.
1162 430 1228 497 449

88 618 182 695 serit,
204 634 283 699 quos
305 617 469 699 sequatur:
491 616 581 681 nobis
604 614 710 711 crede,
732 618 822 681 actus
843 616 892 683 tot
914 618 1052 684 stimulis
1072 618 1226 701 pernotuit,

89 718 253 803 quodlibet
274 718 423 785 scientiae
444 717 541 784 fuerit
562 736 677 801 aequor
698 718 875 803 ingressus:
907 720 1043 787 fodietur
1064 722 1227 807 prosapiae

88 841 166 889 suae
187 822 375 889 cdcodbue:
397 840 453 904 per
467 821 516 887 tot
535 821 661 887 ordines
677 822 758 889 nihil
780 822 844 890 nisi
866 823 950 906 quod
971 823 1012 889 ad
1028 825 1152 893 litteras
1175 827 1227 893 iu·

88 924 175 991 uitat
196 924 348 993 inueniet.
371 928 438 991 stat
460 942 530 991 ecce
551 928 625 991 ante
647 928 679 991 te
700 926 855 1009 paruulus
876 928 984 995 noster
999 928 1144 997 felicibus
1165 932 1228 997 ini·

68 1028 220 1094 etiandns
249 1028 395 1113 auspiciis
426 1030 459 1095 et
487 1028 571 1097 sicut
598 1030 676 1097 iusti
701 1030 807 1097 hostia
835 1032 1035 1099 deuotionem
1056 1036 1227 1102 sacerdotis

88 1132 285 1214 expostulat:
300 1133 465 1216 paternam
480 1134 627 1199 conuenit
639 1152 691 1201 ore
702 1135 864 1217 pietatem,
880 1138 918 1201 ut
931 1135 1072 1219 qualibet
1086 1137 1226 1204 oratione

88 1236 297 1303 constitutam
327 1235 362 1301 in
389 1234 476 1302 uitae
504 1236 617 1303 limine
638 1239 828 1305 conmendet
854 1238 1040 1317 infantiam,
1071 1258 1167 1322 quam
1188 1243 1228 1305 de

86 1338 273 1422 parentibus
284 1358 347 1407 non
358 1358 500 1409 sermone
512 1340 620 1426 erigit,
632 1341 687 1407 sed
697 1324 774 1425 qiid
785 1342 942 1411 desideret
952 1342 1060 1409 horror
1071 1342 1226 1409 ostendit:

88 1444 234 1528 cogimur
255 1442 423 1509 subuenire
446 1442 480 1509 in
502 1445 690 1511 necessitate
704 1444 839 1529 paruuli,
862 1464 959 1530 quam
976 1444 1110 1513 formido
1125 1446 1226 1513 maui-

53 1547 194 1613 wisstat.
238 1548 355 1630 sponde
384 1547 464 1625 tuis,
498 1548 749 1625 adulescentulo,
783 1548 880 1632 digua
908 1548 1105 1633 primordiis:
1136 1567 1227 1633 spem

86 1650 224 1717 solidam
236 1650 275 1717 de
291 1653 347 1717 tua
361 1651 555 1734 perfectione
568 1651 781 1736 concipimus:
797 1654 916 1719 bonum
929 1652 1094 1739 ingenium
1104 1652 1227 1719 doctori

85 1754 210 1835 optimo
238 1754 465 1837 mancipamus.
512 1752 593 1821 sacri
614 1754 679 1819 iam
701 1755 882 1821 rudimenta
901 1774 1051 1823 deuorare
1081 1754 1225 1841 collegii:

86 1856 129 1921 sd
143 1856 280 1923 Latiaris
299 1860 403 1923 curiae
418 1855 587 1940 proficiunt
602 1856 714 1937 sidera,
731 1876 809 1942 quos
824 1858 913 1926 uides
927 1858 1077 1924 scintillis
1093 1857 1226 1925 modicis

86 1959 234 2026 futurum
256 1962 363 2027 lumen
384 1960 557 2027 ostendere.
588 1960 666 2029 haec
688 1960 728 2027 sd
750 1979 806 2027 uos
830 1962 947 2028 dixisse
969 1962 1122 2028 sufficiat:
1145 1961 1227 2028 mihi

54 2068 233 2129 cremaret
255 2065 369 2130 stricta
388 2064 568 2131 insinuatio.
605 2063 818 2148 propinquum
840 2066 881 2130 ad
908 2070 942 2129 to
963 2066 1226 2151 consanguineus,

87 2169 203 2234 orbum
225 2164 408 2251 parentibus
430 2167 596 2251 religiosus
618 2166 757 2247 exhibui.
796 2186 876 2250 qnae
901 2186 949 2233 ros
971 2168 1051 2233 mihi
1074 2166 1226 2234 affectum

86 2270 181 2354 pueri
203 2269 328 2349 faciant,
351 2270 417 2336 iam
439 2271 565 2338 tenetis.
595 2272 623 2336 si
645 2269 844 2337 necessitudo
867 2269 1051 2353 respicitur,
1079 2270 1162 2337 liber
1184 2269 1224 2336 ab

87 2391 197 2440 amore
219 2392 284 2439 esse
306 2391 369 2439 non
383 2393 526 2457 possum:
549 2374 577 2440 si
592 2375 694 2458 pietas
709 2373 812 2441 amica
826 2376 997 2459 proposito,
1020 2374 1122 2441 nostri
1144 2373 1226 2439 finnt

86 2476 149 2543 filii
172 2478 227 2561 qui
248 2479 415 2562 parentum
437 2498 565 2547 suorum
593 2478 750 2563 praesidio
775 2479 983 2545 denudantur.
1028 2497 1129 2543 unum
1151 2494 1226 2561 ergo

52 2581 253 2648 numenium
272 2581 361 2648 uenit
382 2598 400 2646 a
422 2584 583 2668 prosapie:
605 2582 668 2648 alio
682 2602 739 2649 nos
754 2582 904 2667 astringit
918 2581 1068 2650 officium
1095 2580 1225 2665 respice,

86 2684 281 2752 uenerabilis
303 2687 472 2768 magister,
503 2690 552 2753 tot
579 2702 636 2770 pro
657 2685 719 2752 isto
742 2685 901 2770 supplices
924 2702 1036 2751 manus
1060 2685 1092 2750 et
1113 2684 1147 2749 iu
1170 2701 1226 2766 spe

86 2789 217 2873 paruuli
238 2790 372 2855 maiores
395 2791 462 2855 eins
484 2808 535 2855 me
556 2791 651 2874 teque
673 2789 848 2855 musidera
873 2807 972 2873 genus
994 2791 1044 2855 est
1066 2786 1226 2871 singulare

85 2894 194 2960 laudis
216 2894 250 2959 iu
272 2894 451 2961 doctoribus
474 2894 621 2978 discipuli
642 2894 790 2960 eruditio.
824 2892 959 2960 Achillis
980 2892 1090 2977 lingue
1109 2890 1226 2957 onnon

86 2997 245 3062 innotuit:
268 2998 344 3063 iecit
366 2998 506 3081 sequacis
527 2998 679 3063 meritum
696 2996 876 3081 opinionem
897 2995 986 3061 iliius
1007 2996 1080 3079 plus
1114 2994 1226 3071 amari,

49 3115 75 3155 n
87 3102 179 3166 ouius
202 3119 257 3184 per
278 3118 312 3165 se
335 3100 415 3167 forte
432 3101 579 3167 facundia
599 3100 634 3167 in
648 3101 752 3166 lucem
767 3117 832 3165 nou
847 3099 1002 3183 potuisset
1019 3097 1112 3164 exire.
1135 3096 1226 3193 Maro

141 3356 279 3426 lqnodt
378 3360 506 3425 sequatur
518 3372 554 3412 cc
565 3357 691 3427 signatur
711 3356 820 3411 Tcorr.
923 3355 1105 3410 3colcnrebus
1116 3356 1157 3411 Βι

84 3442 194 3499 ordonio
211 3442 250 3498 Β1
344 3442 507 3513 4paruolus
524 3442 552 3498 Β
643 3442 797 3499 anitiandus
814 3440 874 3498 BV
965 3441 1100 3497 'tlimeno
1116 3441 1157 3496 Βι

83 3528 228 3586 comendet
254 3530 281 3585 T
390 3530 407 3583 8
433 3528 563 3585 desiderit
589 3528 616 3584 Β
728 3527 824 3582 horror
849 3528 963 3597 scripsi,
993 3542 1064 3581 error
1092 3526 1159 3582 isim·
1281 3535 1283 3539 '

83 3618 102 3672 9
130 3614 292 3671 msueiertat
318 3616 346 3671 Β
467 3616 501 3670 10
527 3614 733 3671 adolisceutoloe
759 3615 788 3670 Β
909 3614 944 3669 12
969 3613 1093 3669 uenerari
1121 3614 1157 3669 T*

82 3701 193 3772 eonigd
219 3702 247 3757 Β
351 3701 385 3756 13
410 3700 542 3757 soantdllis
568 3700 596 3755 Β
698 3700 813 3757 modicia
835 3698 966 3757 scintillis
988 3698 1015 3753 Τ
1119 3698 1154 3754 14
1176 3697 1228 3755 hoo

82 3788 137 3844 Po
233 3787 268 3843 od
283 3804 331 3843 uos
349 3788 439 3853 Pro.
466 3794 530 3843 auos
547 3786 611 3853 LV,
629 3802 696 3843 auos
712 3786 741 3841 Β
836 3788 870 3845 15
886 3786 1044 3857 propincum
1061 3783 1125 3854 BV,
1151 3785 1227 3854 prin·

82 3892 191 3961 cipinm
209 3890 237 3947 L
322 3891 486 3961 sanguimen
503 3890 532 3945 Β
626 3892 659 3946 16
670 3891 763 3948 orbem
773 3891 859 3951 m
942 3888 1034 3944 exibui
1052 3889 1092 3955 Τ,
1162 3878 1227 3959 qua·

81 3978 117 4035 L
205 3978 237 4032 17
246 3977 463 4047 pueriTiaras.
550 3980 653 4033 tenetes
664 3978 703 4033 13¹
791 3978 826 4033 18
836 3976 945 4047 pposito
955 3973 1227 4043 (wicmanno)

84 4098 119 4154 v
214 4098 340 4153 resne
431 4097 548 4169 precisis
561 4098 589 4155 n
683 4096 910 4153 sonnorms
995 4059 1110 4165 uerita
1135 4095 1227 4151 mro

81 4184 116 4240 Β
212 4183 353 4255 prosapiae
369 4184 405 4250 Β,
433 4182 592 4255 prosapiei
688 4182 743 4239 aiio
759 4199 809 4239 nes
825 4181 862 4249 Β,
889 4181 993 4237 alienos
1010 4178 1124 4247 mc,
1151 4180 1226 4237 alicu

83 4268 115 4325 Τ
206 4270 415 4345 comtringitT
507 4269 725 4327 inumerabiles
743 4269 771 4325 Β
865 4272 894 4324 et
910 4266 939 4323 Β
955 4284 977 4323 a
996 4267 1014 4323 1.
1069 4265 1149 4323 ·22
1165 4282 1226 4338 por·

83 4356 145 4411 noli
164 4355 192 4410 Β
295 4356 405 4413 maioris
422 4356 451 4413 Β
554 4356 688 4428 singolerc
705 4357 733 4412 Β
836 4355 872 4413 23
889 4351 1049 4412 doctorebuo
1065 4352 1107 4407 Βι

139 4460 192 4517 VI.
1086 4454 1122 4509 29
