2934 4934
274 361 317 436 35
630 363 746 431 Magni
764 362 891 418 Felicis
909 364 1043 421 ldnnodi

198 545 201 551 ’
274 556 373 622 uasait
400 558 432 621 in
460 557 595 621 senium:
630 558 677 618 eat
699 553 809 618 domus
831 572 910 636 quae
931 554 1075 637 lymphas
1107 555 1142 621 in
1163 558 1293 624 metalla
1323 579 1388 625 eon-

273 662 377 725 uertat
400 660 559 725 utcontra
590 661 735 722 naturam
768 658 945 741 gurgitibus
975 677 1032 723 sua
1054 659 1122 744 lege
1144 660 1333 727 dominetur:
1356 665 1387 727 tu

273 768 380 828 tamen
400 765 482 829 inter
502 762 565 828 ista
586 764 630 827 sio
660 762 766 826 uiuam
797 762 918 840 diteris,
947 764 1035 844 quasi
1068 762 1148 847 ignis
1180 766 1253 829 tuus
1281 766 1388 849 algoris

272 867 393 949 pabulis
425 866 581 932 inritatur.
626 883 682 948 ago
705 869 737 930 ta
760 881 811 930 ore
843 866 979 947 perantia
1011 866 1150 946 stimulo,
1185 868 1258 951 quia
1278 868 1340 933 tibi
1359 870 1388 933 et

272 971 429 1052 proposito
450 987 518 1034 meo
540 986 647 1034 uoeam
662 967 761 1033 debeo
783 968 978 1051 castigantis.
1001 973 1141 1035 uestrum
1160 972 1208 1035 est
1222 974 1292 1054 post
1307 971 1387 1049 haee,
1406 992 1418 1033 a

271 1074 298 1138 si
320 1072 437 1155 eligitis
470 1071 592 1135 litteras
624 1089 710 1135 maus
745 1070 920 1153 frequenter
942 1072 1088 1155 aaoipera,
1123 1073 1161 1137 da
1183 1073 1385 1140 admonitione

270 1177 434 1259 gratulari.
469 1193 524 1259 ego
545 1176 651 1242 autam
679 1179 801 1257 praeter
828 1177 892 1241 ista
920 1194 991 1241 eum
1020 1176 1134 1242 honora
1162 1178 1291 1243 salutati
1314 1197 1388 1261 quaa

271 1280 405 1344 seribere
425 1278 542 1360 possim
558 1278 591 1342 in
606 1279 661 1343 illa
676 1280 778 1344 earnis
801 1298 894 1361 quam
910 1283 945 1343 tu
960 1279 1065 1363 diligis
1089 1282 1190 1347 aluuia
1213 1280 1389 1346 uiuentibus

270 1401 329 1449 non
352 1383 468 1449 inueni.

780 1485 877 1550 XXV.
1398 1510 1419 1547 ro

506 1605 689 1661 ENNODIVS
712 1604 868 1659 OLYBRIO
891 1603 936 1658 ΕΤ
959 1602 1151 1659 nudantem.

311 1711 467 1776 Desiderio
490 1713 674 1793 paginarum
695 1711 871 1773 uestrarum
894 1708 977 1773 faeta
999 1711 1045 1773 est
1059 1709 1137 1774 mihi
1160 1712 1291 1793 prodiga
1306 1710 1387 1775 dous

266 1812 400 1895 pudoris,
419 1817 452 1879 et
466 1815 542 1879 dum
564 1812 682 1878 tabella
703 1810 860 1895 promittit
883 1812 1079 1894 promulgata
1093 1829 1284 1896 responsum,
1308 1816 1388 1878 intra

266 1918 475 1982 uerecundum
508 1918 666 2000 penetrale
701 1933 852 1981 annosam
887 1917 1046 1981 continere
1080 1916 1179 1980 nescit
1210 1916 1388 1982 infantiam.

267 2021 409 2087 deberem
424 2023 549 2104 quidem
564 2020 711 2103 sanguini
727 2021 759 2085 at
773 2020 931 2103 proposito
946 2021 1061 2085 silentii
1077 2020 1286 2098 uenustatam
1302 2024 1418 2103 post-ra

267 2142 361 2207 quam
382 2128 448 2207 spei
469 2142 555 2191 mane
570 2123 707 2188 fructum
729 2125 831 2207 prima
852 2142 1005 2208 negauare
1020 2124 1192 2205 conloquia.
1215 2124 1270 2189 sed
1286 2125 1388 2188 neseio

266 2231 372 2294 utrum
393 2227 477 2292 mala
497 2227 639 2308 pertinax
660 2226 815 2291 iudioetur
835 2225 976 2303 intentio,
1000 2244 1078 2307 quaa
1101 2226 1167 2291 sine
1189 2226 1319 2292 alterius
1343 2226 1389 2292 di·

265 2330 402 2414 spendiis
424 2330 578 2395 solliaitaa
593 2346 798 2411 pararnonem
814 2329 1018 2412 experientiae
1043 2329 1160 2411 periola
1184 2329 1387 2413 multiplicat.

266 2436 377 2513 uelata,
396 2433 441 2498 mi
454 2433 582 2508 domini,
599 2436 630 2496 et
645 2434 684 2497 ad
698 2432 872 2515 scriptionis
886 2450 1012 2497 meeum
1025 2436 1161 2499 remeate
1178 2432 1389 2509 eonoordiam

264 2558 303 2603 ne
326 2541 433 2603 eontra
466 2535 619 2619 euangelii
649 2535 773 2601 faciatis
796 2538 923 2615 morian,
947 2534 974 2599 si
998 2539 1029 2601 at
1052 2536 1271 2617 inportunitati
1293 2539 1421 2602 dena-n

263 2643 344 2725 getis
367 2641 448 2724 quod
469 2643 548 2706 inste
569 2639 699 2707 forsitan
721 2640 906 2723 inpetrasset
928 2640 1063 2705 affectio.

767 2794 883 2860 XXVI.

645 2916 828 2971 ENNODIVS
854 2911 1000 2969 FAVSTO.

305 3022 395 3089 Votis
418 3027 450 3089 et
472 3024 634 3089 desideriis
667 3021 819 3087 satisfeeit
852 3020 975 3102 pagina
1009 3036 1089 3101 quae
1110 3017 1192 3103 apud
1225 3023 1391 3085 amantem

260 3127 359 3191 uestri
381 3126 618 3192 necessitatibus
638 3126 747 3191 ahenis
770 3126 909 3209 praestat
923 3120 1116 3204 obsequium.
1140 3139 1238 3227 quam⁴
1255 3123 1421 3203 ualleme

312 3312 387 3366 lein
408 3313 433 3364 Τ
539 3315 581 3364 aet
601 3310 672 3365 Tin
688 3326 744 3364 roa.
857 3308 954 3379 lymfas
972 3306 1060 3371 BPV,
1088 3306 1179 3361 limias
1198 3306 1237 3375 L,
1265 3308 1390 3379 limphas

262 3399 287 3450 Τ
385 3398 520 3452 conuertit
545 3396 626 3451 aava
738 3396 755 3450 2
781 3396 932 3449 dominatur
959 3394 1041 3450 sien.
1153 3392 1169 3446 3
1195 3396 1258 3449 tues
1286 3396 1318 3449 B

257 3483 414 3538 diruitetur
431 3483 494 3549 LV,
519 3482 671 3537 nutriretur
695 3482 719 3534 Τ
818 3497 865 3536 oro
883 3484 898 3535 b
916 3487 941 3536 et
960 3482 1042 3537 Sirm.
1155 3481 1270 3538 5debeo
1292 3498 1390 3537 uoaam

259 3568 340 3623 Siren.
448 3568 589 3637 dalagitis
606 3569 634 3621 B
745 3570 850 3623 littam
871 3569 921 3622 Τ1
939 3569 971 3623 tn
989 3584 1045 3625 raa.
1158 3570 1318 3638 toquenter
1337 3585 1390 3625 em.

258 3654 305 3709 Pt
407 3654 599 3708 ammonitione
624 3656 653 3719 Τ,
680 3655 829 3709 monitione
852 3655 899 3708 Pb
1000 3656 1018 3709 8
1041 3654 1138 3724 diligas
1162 3654 1190 3709 B
1296 3656 1391 3710 eluuie

256 3757 305 3797 em.
324 3739 421 3808 Salui„
448 3740 563 3794 ellubiae
580 3739 643 3805 LV,
669 3740 767 3795 ellubie
784 3740 884 3795 BPTb

306 3842 390 3897 XXV.
426 3842 460 3896 12
477 3842 601 3911 prodigia
618 3842 645 3895 L
750 3843 782 3896 13
801 3842 894 3897 tabula
912 3842 992 3897 Sim.
1097 3843 1131 3897 14
1148 3843 1302 3897 uerecunda
1328 3846 1391 3901 Vn

253 3931 286 3984 111
303 3946 359 3986 ras.
451 3928 582 3998 panitrale
598 3928 627 3982 B
724 3928 757 3983 16
775 3929 907 3998 colloquia
924 3927 1006 3984 LTV
1098 3928 1262 3983 numilitate
1284 3930 1318 3984 Β

254 4015 371 4085 pedania
396 4016 444 4070 Po
563 4014 598 4071 19
621 4016 682 4069 nala
700 4014 733 4081 Τ,
759 4016 847 4069 ualete
865 4032 926 4083 ergo
946 4016 973 4069 13
1075 4016 1127 4070 mei
1154 4014 1170 4069 t
1272 4015 1391 4073 domine

177 4170 183 4181 .
254 4100 357 4156 P¹TV¹
383 4105 408 4170 (a
424 4103 457 4156 111
473 4103 484 4154 1
501 4117 573 4156 eoos.
592 4100 619 4155 V
637 4104 716 4167 nal)
828 4101 982 4157 soribtionis
1008 4102 1036 4157 B
1150 4100 1185 4155 20
1210 4116 1258 4155 nec
1290 4103 1321 4158 T

253 4189 287 4245 21
305 4187 370 4257 quid
386 4190 427 4255 Β,
455 4189 518 4258 quia
537 4188 563 4242 Τ
660 4188 785 4242 foratum
803 4189 831 4242 B

303 4290 402 4348 XXVI.
435 4290 471 4345 24
488 4291 638 4345 satisfaciat
655 4290 804 4347 lamo
