2934 4934
599 334 716 405 Magni
733 333 863 390 Felicis
881 334 1011 391 liuuodi

765 627 842 693 1111.

234 833 379 900 moure
406 834 454 899 IN
482 830 773 899 uublcsulouu
801 830 928 899 MISSA
954 830 1131 899 MAXIMO
1145 831 1378 905 episcope.

277 1022 458 1106 Numquam
474 1042 592 1106 pauper
614 1040 694 1088 uena
708 1022 865 1087 timeatur
886 1020 1014 1105 ingenii,
1037 1021 1092 1089 ubi
1106 1023 1194 1089 diues
1211 1027 1262 1089 est
1277 1042 1377 1091 eausa

233 1126 367 1193 meandi.
412 1126 528 1191 transit
551 1125 728 1203 hominem,
759 1125 903 1207 quotiens
925 1124 1111 1191 caelestibus
1140 1127 1259 1192 militat
1283 1146 1375 1193 meus

232 1232 350 1297 nostra·
363 1230 505 1309 erdturis,
529 1230 640 1295 necin
663 1231 834 1311 augustum
858 1228 1014 1311 redigitur
1028 1230 1218 1295 narrationis
1233 1230 1374 1309 exilitas,
1396 1259 1412 1301 a

231 1336 258 1400 si
272 1332 376 1415 opifici
391 1352 446 1397 suo
462 1332 645 1415 obsequium
661 1331 778 1397 referat
793 1335 988 1399 narraturus.
1003 1332 1107 1415 potest
1124 1332 1209 1398 enim
1224 1334 1374 1419 linguam

231 1436 393 1503 facundiae
421 1435 547 1501 dotibus
576 1454 686 1501 ornare
710 1434 764 1519 qui
794 1434 933 1500 eontulit
956 1436 989 1499 et
1016 1437 1090 1501 darc
1113 1436 1218 1502 uerbis
1239 1437 1374 1521 genium

232 1556 325 1623 quern
340 1538 475 1605 fatemur
489 1539 612 1605 dedisse
627 1555 813 1605 sermonem.
830 1554 903 1603 nam
915 1538 1091 1621 prophetici
1103 1538 1222 1604 dudum
1233 1541 1375 1606 maciem

230 1643 313 1707 iuuit
336 1641 468 1725 eloquii,
492 1642 568 1708 dum
590 1643 630 1707 ad
651 1641 827 1725 perfectam
850 1640 995 1725 magistri
1017 1642 1229 1726 eloquentiam
1250 1644 1284 1707 et
1306 1643 1373 1709 for·

229 1745 345 1811 tissimi
368 1746 531 1813 monitoris
554 1746 664 1811 tubam
692 1743 855 1809 imbecilla
879 1743 983 1829 Moysi
1012 1746 1185 1828 erigeretur
1213 1745 1408 1813 infantiam

230 1850 283 1932 qui
306 1849 402 1917 nullis
423 1849 582 1933 gradibus,
609 1849 685 1914 dum
707 1849 854 1933 peritiam
877 1847 1059 1925 meditatur,
1083 1848 1224 1915 effloruit
1238 1868 1297 1914 nee
1312 1869 1371 1933 per

230 1953 344 2018 aetatis
367 1951 499 2017 alicuius
523 1952 688 2018 seientiam
710 1951 752 2018 ad
773 1970 908 2017 messem
923 1950 1124 2033 perfectionis
1139 1952 1290 2031 ascendit,
1315 1953 1371 2035 qui

230 2055 306 2121 dum
329 2056 466 2121 militem
488 2055 674 2121 infabricato
692 2056 833 2137 portauit
849 2053 984 2139 ingenio,
1007 2053 1145 2120 efficium
1161 2056 1250 2121 ducis
1265 2058 1371 2120 iussus

229 2160 377 2241 arripere,
401 2159 474 2241 quia
496 2161 670 2225 uerecunde
692 2158 813 2237 renuit,
846 2159 1024 2223 constanter
1049 2158 1206 2243 impleuit.
1244 2158 1289 2246 sio
1313 2176 1371 2223 nos

230 2261 433 2329 dedicationis
465 2263 548 2329 festa
577 2261 787 2341 celebrantes,
823 2266 906 2328 inter
938 2261 1090 2344 spiritalis
1119 2261 1259 2326 laetitiae
1285 2261 1406 2334 bena„

230 2367 459 2447 praestolamur
488 2368 643 2449 gratiam,
676 2366 752 2433 dum
775 2386 934 2449 paremus,
969 2366 1052 2433 absit
1075 2364 1209 2431 formido
1232 2364 1367 2431 debilis:

229 2474 430 2536 remoueatur
456 2470 570 2535 fiducia
602 2469 741 2537 inaniter
774 2471 925 2553 concepta
960 2489 1016 2553 per
1046 2469 1197 2535 studium.
1241 2486 1299 2534 nos
1330 2470 1370 2533 de

229 2572 385 2638 hnmanae
413 2573 614 2657 perfectionis
643 2575 804 2640 schemate
832 2592 890 2639 nec
915 2572 1145 2657 praesumimus
1168 2572 1287 2653 aliquid
1312 2590 1371 2636 noe

229 2676 389 2743 timemus.
419 2678 531 2744 deinde
555 2679 625 2761 quis
648 2678 682 2743 in
706 2680 789 2745 beati
816 2678 966 2743 Iohannis
985 2676 1156 2759 prophetae
1179 2678 1212 2739 et
1233 2675 1370 2757 apostoli

228 2778 399 2867 (budam),
423 2778 511 2847 euius
532 2781 688 2865 templum
703 2782 763 2848 hoe
778 2780 991 2846 sanctifioauit
1007 2783 1177 2863 ingressus,
1203 2779 1254 2844 uel
1276 2787 1405 2847 mutare

229 2882 353 2948 dubitat
375 2901 428 2949 ora
450 2884 569 2951 laxari?
592 2886 680 2951 euius
696 2886 799 2952 senior
822 2886 926 2969 gratia
941 2902 1035 2967 qnam
1053 2884 1176 2961 natura,
1200 2883 1277 2947 dum
1291 2886 1368 2947 ante

228 2984 310 3050 lueis
332 2986 510 3071 ingressum
535 2988 580 3071 pii
596 2990 681 3054 uatis
697 2987 862 3071 implesset
877 2987 1028 3066 efficium,
1051 2985 1148 3050 limen
1171 2986 1256 3050 uitae
1270 2984 1368 3049 huius

229 3088 347 3153 uirtute
371 3090 520 3172 signauit.
544 3110 618 3158 nam
634 3111 695 3157 uno
712 3094 881 3174 eodemque
901 3090 1041 3173 tempore
1057 3090 1088 3155 et
1106 3092 1242 3154 matrem
1257 3088 1367 3154 fecun-

229 3190 328 3256 ditata
350 3194 486 3259 nobilem
510 3194 586 3260 fecit
609 3198 641 3259 et
669 3194 846 3259 inofficiosa
868 3192 1022 3276 genitoris
1044 3192 1131 3258 labia
1151 3194 1186 3258 in
1207 3191 1366 3275 loquelam

228 3294 398 3378 pristinam
420 3316 481 3363 usu
502 3301 661 3365 remeante
677 3296 862 3364 commouit.
892 3314 984 3362 nemo
1006 3293 1177 3361 Iohannem
1199 3296 1406 3363 nominasses

228 3402 299 3480 post
317 3401 450 3483 exempli
466 3402 679 3485 praecedentis
695 3401 849 3466 miracula
864 3398 1030 3482 pristinam
1044 3397 1170 3482 liuguae
1183 3399 1369 3468 habiturum

280 3584 350 3641 1111.
368 3586 449 3641 Sacra
462 3588 652 3655 quartar'orcs.
665 3586 731 3641 add.
746 3586 829 3641 Sam.
920 3582 1127 3654 bredigetan
1214 3586 1369 3641 discendis

230 3672 257 3726 T
348 3672 516 3741 8pfpbotlci
534 3673 563 3728 L
650 3674 737 3728 dudio
759 3676 798 3743 (m
816 3675 898 3738 erue.)
920 3674 947 3727 Τ
1028 3672 1114 3728 solem
1131 3672 1160 3729 Β
1255 3674 1370 3729 eiusce

228 3759 256 3813 Β
361 3760 394 3815 10
421 3762 574 3831 eregeretnr
600 3760 628 3815 Β
739 3762 769 3815 11
798 3760 902 3815 nulhus
932 3760 966 3815 1Ἰ
1078 3759 1113 3814 12
1138 3761 1242 3814 aetates
1268 3758 1298 3813 Β

228 3844 340 3914 seientia
367 3845 395 3899 B
503 3846 537 3901 13
564 3846 628 3902 dum
654 3847 770 3917 scripsi,
800 3846 848 3901 diu
876 3846 942 3901 libri
1051 3846 1085 3901 14
1112 3845 1242 3915 sculpere
1270 3844 1298 3900 L

227 3932 386 4001 nmeoundiq
403 3932 431 3987 L
516 3933 628 3988 rennuit
645 3934 675 3987 B
761 3931 886 4002 implebit
904 3932 933 3987 Β
1020 3932 1054 3989 16
1070 3931 1253 3988 malebrantss
1269 3932 1299 3987 Β

227 4017 363 4086 spiritales
380 4018 408 4073 L
506 4021 540 4075 16
557 4020 756 4089 praestulamur
771 4020 801 4075 Β
900 4019 934 4075 17
951 4019 1059 4074 inanito
1076 4019 1105 4075 L
1202 4034 1251 4092 per
1270 4018 1298 4073 L

228 4103 262 4157 18
279 4106 395 4160 scemate
412 4104 440 4159 B
546 4107 578 4160 19
596 4109 624 4163 et
642 4107 759 4175 apostoli
777 4106 835 4175 Bb,
862 4121 913 4161 om.
932 4106 1016 4161 ΒΝ
1112 4106 1148 4161 20
1165 4104 1274 4161 landen
1290 4106 1369 4173 cdd,

227 4204 278 4249 orn.
294 4191 359 4247 labri
456 4192 490 4247 22
508 4192 629 4248 officium
647 4208 698 4250 orn.
711 4194 740 4248 Β
836 4193 872 4247 23
889 4192 1060 4263 significauit
1076 4194 1105 4249 L
1202 4191 1369 4249 fecunditate

229 4277 254 4332 T
355 4278 390 4333 26
408 4280 585 4349 praecidentis
604 4280 644 4335 Β1
