2934 4934
240 353 305 420 262
599 351 713 421 Megnf
731 350 859 406 Felicis
877 351 1008 408 Ennodi

239 558 278 608 ne
312 543 452 608 senescet
487 539 640 606 claritudo
674 559 819 626 operum,
859 541 1042 608 eduocende
1076 546 1152 608 sunt
1186 543 1363 627 linguerurn

239 644 393 732 exercitio.
418 643 613 729 quidegerfs,
640 663 680 709 ne
702 645 843 711 uetustes
865 645 927 711 sibi
941 644 1091 726 uindicet,
1113 644 1233 731 obliget
1254 647 1364 712 cetone

240 747 446 814 referentum:
491 747 729 830 disciplinarum
762 748 845 814 enim
878 748 1016 832 quietern
1048 768 1104 815 nos
1132 748 1290 827 tribuetis,
1312 768 1363 832 per

238 867 318 934 ques
338 849 430 916 uobis
453 851 617 934 continget
637 850 818 918 aeternitas.
855 852 936 917 nihil
966 851 1103 934 emplius
1133 850 1278 917 coelestis
1301 852 1363 918 dis·

237 955 380 1038 pensent
401 953 504 1022 emani
526 952 566 1022 eb
589 953 734 1023 humenis
750 954 850 1036 poscit
866 955 1014 1041 ingeniis,
1038 956 1098 1029 nisi
1116 957 1153 1022 ut
1173 953 1392 1038 intellegente

237 1075 298 1140 qno
319 1057 428 1123 ueniet
449 1059 575 1123 euotore
597 1057 680 1141 quod
701 1057 836 1141 sepiunt.
854 1055 936 1122 inter
956 1058 1014 1122 deo
1029 1057 1185 1141 proximos
1199 1058 1362 1138 egnouisee

236 1158 290 1244 qui
312 1160 472 1244 praestitit
492 1159 667 1231 reddidisse
687 1160 738 1226 eet
759 1158 961 1229 beneficium:
984 1159 1067 1243 quod
1089 1159 1251 1226 descendit
1273 1177 1293 1225 e
1312 1177 1363 1226 su·

236 1264 334 1348 peris,
363 1263 428 1329 sole
449 1263 636 1346 hymnorum
660 1262 736 1330 licet
757 1261 899 1329 mercede
921 1263 1036 1328 teneri:
1063 1261 1233 1328 febricetor
1256 1265 1363 1330 mundi

236 1368 276 1432 ed
297 1367 419 1449 potiore
440 1384 569 1432 munere
589 1366 759 1435 moduletis
781 1367 937 1433 inuitatur
952 1367 1093 1451 eloquiis.
1123 1367 1229 1450 dicite,
1251 1369 1279 1433 si
1302 1386 1362 1434 non

234 1468 368 1552 preemii
395 1471 461 1536 loco
492 1469 594 1554 opifici
623 1489 679 1536 sne
707 1469 817 1553 lingue
842 1469 998 1536 blendier.
1043 1471 1187 1554 iungitur
1217 1471 1301 1554 quod
1326 1475 1393 1538 deo

233 1570 368 1640 moreris
397 1573 508 1638 mundi
534 1573 671 1656 pectoris
707 1572 847 1638 leudetio
885 1571 989 1638 debet‘
1010 1574 1191 1657 principalis
1224 1576 1360 1642 diluere.

235 1691 291 1739 nec
313 1673 415 1742 solnm
436 1673 562 1759 linguae
584 1673 719 1741 nitorem
743 1671 882 1758 postulet
897 1678 1138 1744 conmemoratio
1154 1681 1295 1746 numinis
1317 1683 1363 1745 toi

235 1777 315 1843 bono
337 1776 510 1844 adserendo
529 1777 748 1845 conscientiee.
783 1780 816 1844 in
843 1779 961 1844 diuinis
990 1779 1146 1862 obsequiis
1176 1780 1289 1848 ferieto
1311 1801 1362 1848 ore

232 1879 355 1966 peregit
375 1899 464 1948 mens
486 1899 594 1948 serene
616 1882 820 1951 sacrificinm:
843 1886 973 1950 eotuum
995 1883 1136 1949 munitus
1160 1885 1308 1953 cleriteie
1328 1887 1362 1951 iu

234 1983 372 2052 aetherio
400 1985 488 2051 cultu
511 1985 608 2052 etiem
636 1989 744 2054 mutus
766 1984 956 2070 obsequitur.
1000 2004 1074 2071 orgo
1105 1988 1137 2053 et
1165 2007 1216 2054 me
1239 1987 1392 2067 titulusc

234 2089 287 2170 qui
302 2089 426 2154 obstere
440 2090 619 2172 petebatur,
635 2089 769 2154 inuitat:
783 2089 908 2156 utinam
922 2091 1067 2158 mundior
1082 2091 1234 2176 professio
1249 2091 1362 2158 hebeet

233 2192 428 2260 concordiem
444 2211 515 2258 oum
531 2193 658 2258 secretis
672 2211 731 2258 nec
747 2193 915 2260 dissentiat
926 2193 1071 2278 splendor
1081 2195 1183 2262 cordis
1194 2214 1213 2262 e
1226 2211 1361 2278 corpore.

274 2292 368 2360 Seluo
390 2313 483 2378 nuno,
506 2313 616 2380 regum
638 2295 790 2383 merime,
806 2298 841 2362 in
855 2298 942 2364 ouius
958 2297 1097 2364 dominio
1112 2315 1255 2390 saporem
1271 2317 1361 2364 suurn

230 2395 434 2480 ingenuitatis
450 2401 539 2485 uigor
553 2399 692 2486 agnouit.
717 2401 813 2480 selue,
831 2401 936 2466 stetns
950 2399 1157 2486 reipublicae:
1179 2420 1254 2467 nem
1274 2402 1361 2469 nefes

231 2503 290 2588 est,
313 2500 476 2584 speciatim
498 2521 517 2567 e
539 2503 572 2568 te
593 2503 689 2568 simul
711 2503 834 2570 conlete
855 2522 982 2572 uerrere
1005 2504 1153 2570 etunius
1175 2503 1259 2570 bone
1281 2506 1393 2571 tem-e

229 2603 314 2688 poris
329 2605 497 2670 uerborum
511 2605 664 2672 diuisione
680 2606 862 2674 discernere.
880 2606 908 2672 si
924 2607 1005 2674 belle
1020 2607 1103 2691 regis
1114 2609 1177 2674 mei
1189 2627 1361 2684 numerem,

229 2706 279 2777 tot
300 2693 425 2774 inuenio
454 2710 530 2791 quot
561 2708 756 2792 triumphos:
784 2711 964 2792 congressui
993 2713 1047 2775 tuo
1077 2710 1181 2777 nullus
1210 2709 1360 2789 hostiurn,

229 2810 292 2878 nisi
312 2809 366 2895 qui
395 2810 538 2878 leudibus
567 2812 748 2892 adderetur,
779 2813 930 2880 occurrit:
961 2811 1117 2878 militauit
1144 2816 1280 2898 tropaeis
1308 2815 1362 2900 qui

229 2916 347 3010 restitit
375 2916 546 2984 uoluntati:
569 2935 642 2981 nem
671 2934 793 3000 semper
821 2917 878 2982 eut
902 2916 1014 3000 pietati
1042 2919 1115 2981 tuee
1145 2917 1267 3001 peperit
1288 2921 1363 2984 snb·

280 3135 298 3190 2
315 3132 440 3189 nendicet
457 3133 517 3189 ΒΤ
616 3101 722 3204 obligo}
740 3134 782 3202 Β,
809 3135 915 3205 obliget
930 3137 998 3194 ΒΜ
1099 3138 1214 3194 cethene
1232 3139 1296 3196 MT

228 3220 248 3274 3
265 3218 439 3276 referentium
457 3219 520 3286 Du,
548 3220 711 3276 referentum
729 3222 771 3288 (en
790 3223 873 3290 corr.)
891 3221 931 3292 B,
958 3222 1145 3279 refertitnmb
1248 3225 1267 3280 4
1285 3223 1361 3279 nobis

230 3303 661 3376 MT'5intelligentB1'
762 3308 891 3365 tectore
908 3309 972 3366 ΜΤ
1072 3309 1121 3366 deo
1137 3309 1166 3366 Β
1184 3313 1215 3366 ie
1232 3327 1298 3379 rae,
1325 3312 1361 3365 du

229 3389 325 3448 DMY
338 3391 396 3460 (red
412 3397 430 3446 il
447 3393 548 3450 serae
569 3393 612 3463 T),
640 3393 739 3464 decep
842 3395 975 3467 proximos
993 3413 1041 3456 cre.
1061 3397 1196 3466 Setottco.
1224 3399 1361 3468 proximus

227 3495 283 3562 Bo.
307 3481 411 3566 proxim
432 3495 464 3561 V,
491 3497 644 3567 proximum
661 3498 787 3564 DMLT,
814 3501 935 3570 proxime
944 3515 968 3570 p
1068 3501 1085 3556 7
1102 3500 1234 3572 redidisse
1251 3501 1291 3558 Β·

230 3584 277 3652 qui
294 3581 362 3640 ΒΜ
460 3583 638 3652 tymnorum
655 3585 772 3643 BLTV
869 3586 886 3640 9
904 3585 990 3642 diceto
1005 3587 1066 3654 Bb,
1092 3586 1190 3642 discite
1205 3587 1290 3658 Delfp

230 3667 264 3724 10
279 3683 331 3727 cue
346 3670 460 3739 scripsi,
487 3687 534 3726 suo
557 3671 712 3738 scum,
738 3671 824 3727 ond
944 3671 1068 3728 blendier
1087 3671 1150 3738 Bc,
1175 3671 1317 3730 blenditur
1335 3674 1362 3730 L

226 3753 318 3811 ΜΨ
428 3755 458 3813 11
484 3757 596 3815 effluere
617 3757 685 3817 Du
805 3758 838 3814 12
862 3757 1001 3814 numinleis
1023 3759 1051 3814 Β
1167 3757 1201 3814 13
1224 3759 1294 3814 bone
1311 3759 1361 3815 Bt

227 3839 493 3908 (resisteretis
510 3841 547 3911 Β)
652 3845 684 3898 15
709 3843 785 3898 cultu
807 3844 848 3912 L,
875 3844 965 3899 euleu·
988 3846 1034 3915 (st
1055 3845 1137 3911 erce.)
1155 3844 1182 3898 Β
1286 3847 1315 3899 et
1334 3845 1362 3899 Β

225 3925 259 3980 ire
275 3942 332 3981 ras.
431 3927 465 3983 17
482 3929 539 3999 neo]
559 3945 591 3984 no
608 3927 691 3984 Sires.
789 3928 823 3985 eb
842 3944 919 4000 opere
933 3930 1000 3997 fort.
1103 3927 1244 3986 resolues
1262 3931 1290 3984 Β

227 4011 356 4070 dominici
374 4013 401 4068 Β
418 4013 517 4070 ireres.
624 4014 656 4069 19
674 4015 767 4086 nigore
783 4014 812 4070 Β
917 4013 952 4069 20
968 4014 1118 4087 speeietinr]
1136 4016 1282 4086 seperetinr
1300 4017 1340 4071 Μ
1339 4035 1362 4087 p

227 4099 270 4166 (ier
286 4103 348 4172 esp.)
366 4104 393 4156 ct
411 4091 494 4156 Siros
597 4099 630 4156 21
654 4091 801 4156 diuisiones
818 4101 846 4156 Β
948 4099 984 4156 22
1000 4099 1073 4172 qnod
1089 4100 1245 4171 triumphus
1261 4101 1291 4156 Β

226 4183 262 4240 23
282 4189 344 4254 poet
361 4187 478 4244 occurrit
491 4189 558 4258 plere
574 4185 692 4244 dimidia
708 4187 786 4244 liesca
802 4203 895 4244 occec
910 4189 944 4243 ie
960 4187 988 4242 Β
1090 4186 1212 4257 tropheie
1234 4185 1362 4250 IMYV,

225 4271 328 4339 tropeis
345 4267 373 4325 Β
475 4272 745 4330 ceramicum
