2934 4934
234 371 297 440 308
592 367 706 440 Magni
723 367 852 425 Felicis
873 367 1004 423 Ennordi

233 559 406 640 hominnm,
424 559 576 644 scriptum
592 558 730 632 retineo:
756 559 942 638 aliudqest
956 557 1057 624 male
1080 558 1226 639 dicere,
1249 557 1364 626 aliud

234 681 435 744 accusare,
471 663 502 728 et
528 661 721 757 prophetem,
743 661 872 736 dixisse:
906 661 1170 744 reprobantes
1203 662 1363 729 uerbum

234 767 429 852 sperastis
460 765 500 832 in
531 763 743 836 calumnie
765 766 807 829 et
835 765 875 833 in
905 763 1100 848 tumultu,
1136 767 1174 830 et
1196 765 1304 830 estis
1326 768 1365 833 iu

235 888 292 938 eor
314 871 526 957 propterea
547 867 625 936 erit
647 867 760 934 uobis
782 866 983 952 iniquitas
998 866 1092 937 haec
1112 868 1218 934 sicut
1238 869 1363 935 inter-

236 970 382 1058 ruptio,
405 972 477 1055 quia
491 990 546 1055 pro
563 971 652 1038 nobie
667 969 745 1036 dicit
759 971 850 1051 deus:
874 988 937 1038 eos
959 988 1068 1051 uero,
1092 971 1159 1053 qui
1181 970 1398 1038 iudicante

236 1094 317 1156 uos,
341 1093 405 1160 ego
427 1074 626 1143 iudicabo.
656 1075 829 1148 etiterum
845 1075 885 1144 ad
901 1092 1007 1145 seruos
1023 1092 1095 1140 suos
1118 1073 1213 1140 dicit:
1234 1073 1361 1143 nolito

235 1179 375 1244 timere
390 1175 637 1262 obprobrium
659 1175 859 1244 bominum
883 1181 919 1244 et
941 1175 1209 1260 blasphemius
1232 1196 1364 1244 eorum

236 1301 280 1347 ne
302 1280 507 1349 metuatis.
542 1297 648 1349 rursus
678 1279 774 1346 etiem
802 1280 891 1346 uobis
920 1277 1051 1349 clamat:
1087 1279 1267 1347 accedite
1293 1279 1364 1346 huc

236 1405 365 1452 semen
386 1383 574 1450 adulteri
599 1386 636 1448 et
658 1379 890 1448 fornicarii:
914 1401 1032 1467 super
1055 1401 1164 1466 quem
1185 1381 1364 1462 lusistis,

237 1485 704 1574 superquemdilatestis
727 1504 766 1552 os
782 1484 1014 1552 eteieeistis
1036 1485 1239 1572 linguam?
1263 1505 1398 1554 num-c

238 1593 330 1676 quid
359 1609 434 1657 non
463 1607 534 1656 uos
564 1587 629 1657 fili
664 1586 832 1656 scelesti
867 1588 981 1668 estis,
1016 1607 1148 1655 semen
1179 1590 1366 1657 mendax?

280 1694 365 1778 Quae
388 1693 502 1779 quibus
526 1692 695 1778 copuletis,
724 1691 899 1772 aduertite,
924 1692 1077 1761 dicentm:
1103 1693 1239 1760 ‘indicta
1263 1712 1366 1776 causa,

238 1797 397 1866 derelictis
431 1794 644 1862 defensoribus
668 1814 750 1887 papa
780 1795 951 1878 discessit''‚
974 1796 1032 1862 fori
1061 1796 1153 1865 nobis
1179 1796 1213 1860 in
1241 1796 1366 1883 negotio

238 1900 395 1987 praesenti
418 1901 451 1965 et
472 1898 650 1983 platearum
666 1917 798 1981 quarum
815 1899 889 1964 estis
903 1898 1082 1985 hypocritae
1098 1900 1239 1984 exempla
1253 1919 1366 1984 propo

240 2005 356 2072 nentes.
389 2003 477 2071 nobis
506 2001 658 2088 scriptum
689 2004 738 2066 est
761 2021 816 2086 per
837 2000 973 2068 Paulum
995 2002 1188 2085 apostolum:
1224 2004 1398 2085 quibusu

240 2105 459 2172 crucifixus
482 2107 543 2171 est
565 2107 749 2185 mundus,
772 2103 864 2189 quid
886 2105 973 2172 illis
995 2125 1079 2173 cum
1101 2105 1209 2172 foro?
1231 2105 1287 2172 sed
1309 2105 1370 2172 ista

240 2209 366 2276 nescitis
393 2212 458 2289 aut,
482 2211 564 2293 quod
587 2210 634 2276 est
655 2209 793 2294 grauius¹
824 2213 898 2276 nota
921 2209 1129 2276 contemnitis.
1167 2208 1370 2294 peregrlnum

241 2313 331 2386 credo
355 2311 473 2398 aliquid
497 2314 529 2379 et
550 2313 703 2380 eratione
725 2319 902 2399 separatum
924 2313 1088 2396 postulans
1109 2329 1191 2397 papa
1213 2310 1368 2378 dommo

241 2434 341 2484 nonne
363 2415 421 2482 boc
442 2414 578 2502 sperant
607 2435 662 2501 pro
686 2420 772 2483 stetu
794 2417 928 2484 labentis
951 2415 1098 2483 ecclesiae
1120 2415 1274 2500 pastorali
1297 2433 1369 2482 cura

242 2519 441 2600 constrictus,
465 2518 546 2601 quod
569 2521 601 2585 et
623 2518 771 2604 religiosa
792 2520 989 2604 prouidentia
1003 2521 1036 2584 et
1055 2537 1165 2586 causae
1180 2520 1281 2605 ipsius
1297 2519 1399 2588 ordoe

241 2621 430 2708 flagitabat?
452 2640 530 2705 quae
552 2621 636 2690 enim
658 2621 849 2689 iudiciorum
864 2621 966 2689 forma
986 2623 1206 2706 praecesserat,
1228 2628 1268 2690 ut
1283 2623 1369 2692 uobis

242 2725 399 2792 hostiliter
421 2725 586 2810 disruptis,
617 2727 713 2793 etiam
739 2747 795 2812 per
819 2725 1053 2813 suggestionem
1074 2726 1213 2794 nestram
1235 2727 1370 2794 sublatis

243 2830 391 2897 ecclesiae
413 2829 536 2916 opibus,
560 2831 612 2913 qui
634 2828 689 2895 diu
711 2829 814 2895 fuerat
837 2830 924 2897 cibus
945 2829 1148 2897 esurientium
1169 2829 1266 2897 famis
1280 2850 1371 2898 man·

243 2933 361 3019 cipium
391 2932 551 3000 uideretur
580 2931 723 3010 effectus,
753 2930 829 2998 dum
857 2931 1017 2998 alimentis
1040 2931 1226 2999 distributor
1249 2932 1371 3019 egebat,

244 3039 279 3100 ut
300 3036 391 3102 fieret
412 3034 446 3100 in
469 3035 642 3106 dominatu
655 3035 791 3102 seruitus
808 3039 839 3101 et
855 3037 887 3102 in
904 3038 1055 3102 seruitute
1070 3033 1272 3102 dominatus?
1294 3053 1402 3119 quaere

349 3205 625 3277 nosceremus
719 3208 913 3277 aramue
1006 3207 1198 3277 emmane
1293 3207 1372 3263 crs

244 3291 321 3360 aas
406 3291 635 3362 asceaco,
711 3295 969 3376 renuerem

300 3448 312 3503 1
336 3447 390 3501 nisi
407 3447 544 3502 bominum
568 3447 597 3504 Β
699 3449 871 3518 2profetam
895 3449 981 3505 BLV
1080 3451 1373 3520 dproptarea-intsr·

246 3533 452 3604 mptiommla
554 3534 717 3592 bdominue
741 3536 789 3592 Pb
893 3551 1069 3592 ueroeam
1171 3537 1372 3594 diterumoas

247 3625 275 3678 Α
366 3619 381 3675 l
400 3619 554 3674 blasfemias
573 3619 607 3686 B,
633 3621 828 3690 blasphemium
846 3622 906 3678 Ros
1002 3623 1148 3692 mogoda
1167 3622 1262 3692 lingon
1278 3623 1307 3678 Β

249 3711 280 3766 11
299 3706 350 3762 filii
368 3705 510 3762 ALRTV
591 3707 711 3762 scaelesti
724 3707 759 3776 B,
782 3707 1107 3777 eoelestis(estisem.)1t
1192 3709 1227 3764 12
1244 3724 1373 3780 quaem

248 3795 277 3854 R
374 3791 462 3848 diceus
480 3793 516 3858 R,
534 3791 630 3848 dicatis
648 3809 675 3848 m
779 3795 811 3849 13
829 3795 991 3864 dicmeitl',
1018 3795 1165 3851 decessitb
1270 3798 1304 3852 14
1320 3797 1374 3867 ple·

249 3887 338 3938 tarum
360 3879 388 3932 A
489 3878 624 3948 ypocritae
650 3877 819 3936 ABLPTV
920 3879 952 3935 11
979 3879 1170 3950 contempnitis
1195 3879 1286 3950 LRV,
1315 3897 1374 3938 con·

250 3964 394 4036 tempnetis
421 3963 448 4020 Β
552 3965 585 4020 19
612 3967 699 4022 stratu
729 3964 766 4020 V¹
867 3965 978 4022 eclesiae
1004 3965 1032 4021 Β
1133 3965 1169 4020 20
1194 3967 1330 4040 relegimus
1351 3971 1375 4035 (t

250 4057 331 4119 corr.)
350 4049 378 4106 B
468 4050 500 4105 21
520 4055 695 4120 praecesserat
707 4054 739 4105 ut
758 4053 883 4118 (cesserat
893 4053 926 4107 nt
937 4053 970 4108 in
980 4069 1035 4109 ree.
1048 4057 1131 4120 corr.)
1154 4052 1181 4107 T
1270 4052 1376 4108 anobis

249 4137 316 4205 sort.
419 4135 453 4192 12
471 4139 651 4207 sugessionem
668 4137 709 4193 Β1
811 4138 940 4194 sublatib:
961 4137 999 4194 V¹
1100 4139 1135 4195 23
1152 4139 1264 4204 eclesiae
1280 4139 1309 4196 Β

251 4224 333 4292 cybus
355 4221 384 4280 B
486 4221 520 4277 al
543 4222 693 4279 detributor
716 4221 744 4280 Τ
839 4224 953 4294 cogebat
974 4223 1003 4280 Β
1109 4224 1144 4283 25
1161 4225 1191 4280 in
1210 4224 1373 4285 dominatum

251 4307 280 4366 Β
380 4323 431 4380 que
449 4307 481 4378 T,
507 4325 590 4382 usque
607 4311 667 4369 Ros
