2934 4934
473 394 713 464 Epistularum
736 393 826 449 liber
843 393 877 447 V.
1177 396 1237 461 137

107 582 267 649 eredimus
293 601 351 649 nec
377 584 555 667 praefatum
581 584 663 650 sedis
689 583 874 667 spostolicae
895 584 1073 668 praesulem
1095 602 1152 651 nec
1174 604 1238 663 uos,

106 688 161 768 qui
184 686 371 753 mediatores
394 688 541 767 existitis,
565 688 651 755 aliud
673 688 820 772 cogitare,
843 686 904 753 nisi
926 686 1007 770 qnod
1029 691 1061 753 et
1082 688 1239 773 proposito

106 789 305 885 etliustitiae
329 791 396 857 sine
420 791 616 858 dubitatione
638 792 812 857 conueniet.

619 964 727 1030 XIIII.

84 1102 96 1142 s
458 1082 643 1139 ENNODIVS
668 1082 888 1139 SERVILIONI.

146 1188 196 1253 De
230 1188 419 1272 perfectione
454 1188 614 1255 confidunt
647 1186 808 1272 discipuli,
844 1191 985 1271 quotiens
1016 1190 1236 1271 magistrorum

104 1291 317 1373 praesentiam
346 1292 594 1374 praestolentur:
624 1310 695 1375 spes
724 1291 906 1355 eruditionis
930 1289 1098 1356 manifesta
1120 1292 1176 1371 est,
1200 1296 1236 1356 ιιι

104 1394 231 1459 fruatur
252 1396 343 1479 genio
365 1413 430 1473 suo,
456 1396 591 1461 innitere
607 1395 782 1460 doctorem:
805 1392 889 1458 clara
912 1396 986 1458 sunt
1008 1392 1142 1477 ingenia,
1158 1413 1236 1477 quae

104 1498 320 1563 mstrnentnm
334 1496 497 1581 agitantur
512 1498 687 1563 desideriis:
706 1498 894 1562 monitorem
910 1497 1070 1577 requirnnt
1085 1498 1137 1578 qui
1153 1495 1236 1562 felici

72 1604 190 1667 iosorte
213 1601 399 1667 didicerunt.
427 1604 471 1669 sic
493 1621 550 1687 ego
573 1601 754 1667 sanctitatis
778 1604 849 1665 tuae
872 1598 1043 1665 adlectione
1065 1616 1235 1683 possessus,

103 1721 297 1786 quamquam
319 1724 369 1769 me
393 1706 431 1770 de
452 1704 565 1788 peritia
588 1706 703 1770 iactare
726 1721 789 1768 non
813 1703 956 1778 audeam,
981 1702 1105 1766 uultum
1128 1704 1235 1767 tamen

103 1808 312 1889 praeceptoris
325 1811 461 1890 expecto,
476 1827 515 1872 ne
526 1808 670 1891 degeneri
686 1812 718 1873 te
733 1807 841 1873 eredas
856 1805 1096 1871 ecclesiasticum
1108 1822 1235 1887 germen

104 1909 171 1977 filio
194 1910 393 1989 conmisisse,
422 1912 495 1995 quis
517 1914 662 1993 quamuis
690 1912 842 1977 memoria
870 1928 940 1975 mea
966 1911 1004 1974 sd
1033 1910 1180 1974 centenos
1203 1927 1236 1973 se

105 2030 169 2077 non
196 2014 302 2080 ualeat
331 2014 451 2080 fruetus
472 2015 629 2094 extoliere,
657 2016 719 2081 seit
741 2018 848 2079 tamen
877 2014 995 2079 semine
1022 2011 1235 2093 multiplicata

72 2116 268 2181 uredhibere
298 2118 419 2183 cultori.
442 2117 516 2185 ueni
537 2136 620 2201 ergo,
649 2120 686 2183 ιιι
709 2135 815 2181 conam
837 2114 958 2199 positus
988 2118 1125 2199 segetem
1146 2117 1236 2180 tuam

104 2219 179 2286 boni
203 2219 360 2302 agricolae
391 2221 459 2286 nice
480 2219 639 2302 respicies.
673 2218 749 2285 deus
779 2221 888 2303 procul
917 2220 1040 2285 euertat
1072 2218 1234 2285 inuidiam.

104 2323 152 2388 ita
173 2323 353 2389 uomeribns
375 2325 439 2389 tuis
460 2322 689 2389 ecclesiasticae
712 2321 918 2388 fecunditatis
940 2322 1049 2405 plante
1065 2322 1234 2401 conuelnit,

102 2427 139 2491 ut
161 2425 252 2491 nulla
273 2426 441 2491 saeuientis
463 2424 617 2508 procellae
638 2425 741 2507 possit
768 2424 944 2507 inpulsione
972 2424 1124 2493 subuerti.
1163 2425 1234 2490 nolo

102 2528 276 2610 praiudieic
303 2528 405 2594 laudis
426 2529 608 2596 sanctitatis
641 2531 714 2593 tuae
750 2545 881 2610 grauate
913 2527 1150 2594 conscientiam:
1184 2527 1234 2593 in·

72 2632 217 2715 respicies
241 2651 319 2713 quae
342 2631 520 2698 litterarum
542 2630 722 2697 testimonio
746 2630 953 2696 declarantur.
988 2636 1127 2712 superest
1148 2632 1234 2696 selu·

102 2735 223 2801 tatione
245 2737 395 2817 praelata,
427 2738 464 2801 nt
485 2735 525 2801 sd
546 2736 660 2820 gaudia
681 2737 738 2799 tus
760 2734 824 2799 iam
846 2753 1000 2817 properes,
1032 2734 1104 2815 quia
1126 2733 1233 2799 diuina

102 2836 255 2903 beneficia
275 2836 423 2921 gradibus
451 2856 571 2921 semper
600 2840 750 2903 accedunt
778 2841 809 2901 et
832 2839 943 2919 quibus
966 2838 1046 2903 bona
1068 2836 1232 2902 conferunt

102 2940 233 3007 meliore
256 2939 452 3021 pollicentur.

631 3078 702 3144 XV.

74 3200 97 3243 ιι
480 3192 663 3250 ENNODIVS
690 3192 855 3249 sundino.

146 3298 329 3383 Nnmqnam
345 3303 426 3382 apud
440 3300 532 3364 deum
548 3301 621 3365 fusa
642 3300 816 3382 deprecatio
839 3298 948 3364 uotiuo
964 3298 1099 3365 nudatur
1113 3300 1232 3382 effectu,

105 3407 183 3486 apud
207 3423 299 3488 quem
328 3403 474 3469 hilaritas
503 3405 642 3470 lacrimis
670 3404 830 3470 obtinetur
859 3408 890 3469 et
913 3422 1033 3470 maeror
1062 3406 1176 3470 transit
1198 3406 1230 3471 in

156 3594 170 3645 1
187 3590 320 3661 presulem
338 3589 367 3645 B
469 3591 638 3644 sensissetis
656 3590 684 3644 Β

155 3677 248 3733 XIIII.
284 3678 300 3730 'l
324 3675 509 3745 prestolentur
525 3676 560 3730 ’Β
661 3676 878 3731 9instrnentem
895 3676 922 3731 Β
1024 3676 1057 3732 10
1075 3676 1231 3732 dedicarunt

105 3761 163 3817 BV
253 3764 287 3817 11
306 3778 458 3832 quanquam
476 3761 533 3816 LV
621 3761 733 3832 peritiae
750 3761 778 3815 Β
874 3764 906 3817 12
923 3760 1117 3847 degenerilndte
1135 3763 1163 3817 Β

106 3863 139 3917 13
155 3866 293 3919 cominisse
310 3864 338 3918 Β
435 3864 470 3918 14
486 3865 596 3920 ualeant
613 3865 641 3919 Β
739 3864 772 3918 15
789 3864 926 3920 redhibere
943 3866 1018 3933 Bm,
1044 3866 1162 3921 redibere
1178 3866 1234 3921 ΒΡ

105 3948 175 4015 TW,
199 3950 310 4004 reddere
333 3949 348 4003 b
451 3950 564 4019 segitem
590 3950 629 4004 ΒΙ
733 3950 766 4004 16
789 3952 889 4005 euertit
912 3950 960 4015 Β“,
990 3951 1115 4006 aduertst
1139 3952 1164 4006 Τ

106 4033 138 4085 ιι
155 4034 329 4089 isoncium
358 4035 393 4088 m
500 4036 623 4105 penum
650 4036 677 4091 n
781 4038 884 4092 eunus
911 4037 938 4090 n
1011 4023 1017 4037 '
1051 4038 1084 4091 1e
1109 4038 1231 4106 pulsione

104 4118 132 4171 L
228 4121 261 4174 19
272 4120 416 4190 puiudicio
430 4121 617 4191 expreinditio
636 4123 780 4177 Lroscci.
875 4122 1113 4177 20sslntsticnem
1123 4123 1161 4177 11¹

105 4202 139 4255 21
155 4220 295 4290 peroperes
313 4206 340 4261 L
441 4207 476 4260 22
494 4208 622 4263 accedent
639 4208 686 4273 Β,
712 4208 847 4263 adeedunt
864 4208 892 4262 Β

156 4307 212 4365 XV.
242 4294 352 4363 ison}
364 4310 402 4365 Β
472 4311 604 4365 uotiuaB
672 4311 705 4365 21
719 4312 856 4381 optinetur
873 4313 899 4367 V
965 4327 1053 4366 meror
1066 4311 1177 4369 ΒΜἾ1
