2934 4934
358 412 362 421 ,
447 356 687 426 Epistularum
703 356 793 415 liber
810 357 872 416 vn.
1161 362 1222 429 19¹1

99 544 180 611 nibil
202 544 282 612 mibi
310 546 470 619 rciduum
490 546 569 630 fuit,
600 548 684 630 quod
704 547 834 615 maedi
861 548 929 616 looo
957 547 1100 632 precibus
1122 548 1223 615 uictus

99 648 281 731 ingererem,
296 648 359 715 nisi
382 652 418 715 ut
439 650 624 721 smmeubm
647 654 770 720 reatae
793 650 1015 721 temulentiam
1032 652 1070 719 ds
1093 651 1223 719 excessi·

99 750 157 843 bus
171 754 247 817 ante
258 750 338 817 dieti
352 751 474 820 iuuenis
489 751 620 819 festinus
634 752 832 819 instruerem.
850 772 904 824 uos
920 753 1073 823 medicam
1085 772 1223 833 manum,

99 871 153 919 uos
175 872 266 937 opem
280 854 437 937 praestate
458 859 651 934 masseiano,
673 876 713 923 ns
733 856 1056 939 uitiorumproieetus
1078 859 1225 925 uniuersa

80 957 131 1025 rin
153 976 202 1037 eo,
224 976 303 1040 quae
325 957 399 1024 boni
420 958 542 1041 aliquid
564 960 736 1040 potuerunt
757 960 849 1037 terre,
879 960 1028 1027 succidat.
1065 978 1223 1028 commen-

99 1060 169 1127 date
193 1061 305 1127 amicis
320 1079 399 1144 quae
421 1062 572 1145 aganturr
595 1062 753 1127 insinuate
771 1057 898 1127 doctori
913 1065 945 1129 et
959 1062 1107 1146 quioquid
1121 1064 1225 1145 potest

97 1165 264 1229 subuenire
285 1163 459 1243 concedito,
492 1162 567 1247 quia
598 1163 675 1231 baec
700 1168 791 1248 sunt,
824 1181 905 1246 qnae
926 1163 1073 1248 praefatis
1096 1164 1225 1234 salumti

98 1266 255 1349 obsequiis
278 1265 504 1349 consanguineo
531 1265 651 1350 possim
673 1266 875 1349 professionis
896 1286 982 1337 meae
1006 1267 1136 1339 memori
1157 1268 1225 1333 sine

97 1368 347 1437 dissimulatione
368 1372 534 1452 praestare.

605 1573 721 1641 XXXI.

464 1726 649 1783 erasmo
668 1726 860 1785 ENNODIVS.

136 1852 201 1918 Par
233 1852 361 1934 quidem
394 1852 498 1917 fuerat
530 1852 654 1918 silentio
687 1852 833 1937 degeneri
866 1850 967 1917 uicem
998 1850 1225 1917 taciturnitatis

62 2026 66 2032 p
96 1954 210 2038 opponi
233 1958 264 2019 et
286 1973 343 2037 per
364 1954 469 2037 ipsum
487 1955 599 2021 callem
615 1953 796 2034 uindictam,
810 1974 866 2039 per
880 1973 972 2037 quem
988 1956 1116 2019 uenmat
1131 1970 1224 2032 error,

95 2058 186 2122 exire.
226 2056 379 2142 numquid
400 2076 535 2141 aequum
558 2059 615 2142 est,
639 2063 675 2123 nt
697 2059 729 2123 in
753 2058 926 2125 excessibus
954 2058 1017 2123 tuis
1045 2076 1119 2137 uox,
1151 2058 1226 2141 quid

64 2161 278 2244 edenqueris,
308 2162 339 2225 et
360 2178 422 2226 non
445 2166 552 2225 mutus
574 2161 660 2226 dolor
682 2161 847 2227 ostendat?
883 2161 973 2229 erede
995 2158 1090 2240 mihi,
1124 2160 1224 2225 mani·

95 2262 227 2328 testatae
254 2261 462 2345 indignationi
489 2263 593 2329 uicina
615 2264 733 2329 curatio
756 2267 812 2331 est.
850 2266 882 2329 te
904 2283 959 2347 per
981 2264 1111 2349 longum
1134 2260 1226 2329 ferire

96 2366 207 2432 debuit
227 2366 349 2431 inclusa
371 2368 547 2450 commotio,
572 2364 599 2430 si
623 2372 729 2431 tamen
752 2385 814 2432 non
836 2387 873 2432 er
891 2369 956 2432 toto
972 2366 1012 2434 ab
1031 2364 1226 2433 humanitate

96 2468 277 2535 discessisti.
325 2468 400 2551 quid
437 2469 644 2553 deliqueram,
683 2472 849 2553 postquam
886 2471 1074 2554 primoribus
1109 2469 1226 2534 litteris

95 2573 224 2639 neniam
245 2573 396 2638 fabricata
418 2572 600 2638 humilitate
620 2573 829 2657 poposceras?
860 2574 935 2639 haec
958 2575 1004 2638 est
1028 2570 1226 2639 correctionis

64 2676 160 2741 »fida
187 2675 366 2760 promissio,
399 2676 451 2754 nt,
486 2674 653 2758 postquam
681 2676 844 2741 delenifica
871 2676 1010 2741 oratione
1041 2675 1226 2759 conceptam

96 2781 177 2845 iram
196 2778 370 2856 extorseris,
394 2779 557 2843 erubescas
572 2780 604 2842 te
620 2779 741 2844 minora
755 2781 920 2861 peccasset
954 2779 1109 2861 quantum
1124 2776 1225 2855 uideo,

95 2886 167 2965 pest
196 2883 405 2948 contestatam
433 2881 652 2946 uerecundiam
679 2880 760 2946 solas
789 2898 928 2946 errorum
950 2882 1031 2945 uitas
1056 2877 1226 2963 angustias,

93 2986 185 3051 nefas
207 2984 385 3063 aestimans,
401 2984 461 3070 (si)
480 2985 561 3048 cirea
575 2969 736 3066 parentem
751 2989 782 3049 et
797 2986 984 3049 nutritorem
1007 2984 1099 3049 tuum
1114 3000 1175 3048 non
1191 2982 1226 3046 in

95 3092 222 3154 aarum
245 3088 369 3153 extollis
390 3088 602 3171 supercilium,
626 3087 742 3171 quanta
763 3086 897 3155 debuisti
918 3106 974 3171 pro
997 3088 1045 3153 tot
1067 3082 1226 3151 beneficiis

64 3192 315 3257 recommunione
344 3191 512 3257 summitti.
549 3194 605 3257 aut
632 3190 713 3257 forte
736 3192 829 3276 putas
852 3190 933 3274 quod
955 3208 1006 3255 me
1029 3189 1156 3272 puerilis
1178 3186 1226 3254 ira

148 3463 331 3532 samaro
434 3464 450 3517 r
469 3463 517 3533 qn
533 3438 666 3550 praefati}
687 3466 714 3520 r
806 3463 918 3518 seruas
935 3464 1044 3533 saepes,
1068 3462 1226 3519 iuuencis

95 3584 160 3651 aa,
186 3584 313 3639 ainans
330 3582 395 3652 nr,
421 3583 561 3651 maana,
589 3582 863 3639 matiscensem.
975 3583 992 3637 a
1015 3546 1131 3637 memori
1153 3580 1181 3635 n
1203 3581 1226 3651 (r

95 3686 118 3726 s.
136 3672 154 3726 1.
170 3687 205 3725 aa
224 3668 328 3738 resi),
354 3684 456 3724 memor
474 3670 556 3725 Sim.
659 3669 813 3739 ilprestare
830 3668 858 3722 Β

147 3772 247 3832 XXXI.
283 3773 314 3827 11
338 3773 460 3842 paternis
484 3772 512 3827 L
616 3771 648 3827 12
671 3771 793 3841 denegari
815 3769 843 3824 L
946 3770 978 3825 13
996 3771 1024 3824 st
1041 3769 1169 3834 ΒΒΤΨ,
1194 3772 1227 3823 ut

95 3859 126 3913 Β
142 3862 174 3929 (a.
192 3862 212 3916 l.
228 3876 263 3913 es
281 3856 375 3926 rect)
396 3858 448 3913 Pb
514 3864 519 3878 '
539 3858 689 3912 uindictam
706 3857 758 3923 Bb,
781 3855 903 3910 uindicta
920 3854 1005 3911 ΜΨ
1106 3854 1140 3908 14
1156 3854 1226 3908 exire

95 3946 208 4016 accipet
234 3944 318 4000 exiret
339 3943 471 4000 BLTVb
587 3946 620 4000 15
641 3942 813 3999 manifestate
835 3942 875 3997 Βι
990 3940 1023 3995 16
1045 3938 1227 4009 indignationi

96 4032 254 4102 (indiguas
267 4032 370 4098 tau)
393 4030 419 4085 V
510 4029 545 4083 20
562 4030 696 4085 delinifica
713 4030 742 4085 Β
836 4028 869 4083 21
889 4026 1019 4081 arobiscas
1037 4027 1065 4080 te
1084 4026 1120 4094 Β,
1138 4024 1225 4079 erebia

95 4119 203 4174 meet
300 4117 335 4172 22
356 4118 507 4172 contestate
530 4116 558 4171 Β
653 4116 688 4170 23
711 4115 857 4169 aestimans
874 4112 898 4166 ai
915 4112 1027 4181 seips,
1055 4111 1180 4165 aestimas
1198 4110 1226 4165 Β

94 4203 196 4261 M'Vb
297 4203 333 4258 24
354 4202 448 4258 extolli
471 4200 556 4257 ΜΨ
654 4201 690 4255 25
713 4199 1029 4267 communione-putas
1047 4212 1097 4252 om.
1115 4196 1143 4251 Β
1160 4196 1226 4256 add.

95 4304 167 4344 corr.
178 4291 212 4344 tro
224 4305 279 4360 asp.
290 4304 350 4358 sap.
420 4287 613 4357 communione]
625 4289 654 4342 te
666 4286 730 4342 cdd.
744 4284 894 4352 BLPVb,
912 4287 940 4338 te
953 4298 1013 4353 erep.
1025 4281 1061 4337 Ρ
1072 4287 1097 4338 st
1109 4282 1192 4339 sess
