2934 4934
631 383 745 451 Magni
764 380 892 437 Felicis
910 380 1039 435 Ennodi

582 1014 753 1097 LIBER
787 1014 1083 1099 SECVNDVS.

821 1206 847 1269 I.

482 1356 667 1412 ENNODIVS
686 1359 852 1414 ARMENIO
874 1356 1182 1414 CONSOLATORIAM.

313 1500 386 1579 Diu,
411 1498 509 1563 frater
542 1498 709 1575 carissime,
744 1498 909 1563 festinante
942 1502 1015 1563 uoto
1043 1496 1277 1563 consolatoriam
1305 1498 1344 1561 ad
1365 1500 1393 1560 to

270 1601 418 1687 paginam
433 1619 496 1667 non
512 1602 610 1683 emisi,
633 1618 672 1666 ne
687 1604 815 1681 putarer
830 1602 882 1665 uel
904 1601 982 1665 mihi
1004 1598 1173 1666 subducere
1196 1600 1298 1681 fletus,
1321 1602 1391 1665 dum

270 1705 367 1770 uerba
389 1721 538 1787 conpone,
562 1705 595 1766 et
615 1705 649 1769 in
670 1703 902 1768 lamentationis
927 1703 1097 1787 dispendiis
1118 1704 1219 1769 iacere
1240 1705 1280 1768 de
1298 1702 1422 1788 gerni-⁵

268 1811 355 1875 tibus
389 1807 499 1872 decora
533 1824 711 1871 sermonum
741 1808 774 1871 et
800 1805 942 1871 debitum
976 1807 1135 1888 planctum
1169 1825 1223 1888 per
1257 1805 1393 1889 loquelae

268 1911 429 1977 schemata
452 1910 613 1990 dissipare,
636 1928 707 1973 cum
725 1910 835 1975 contra
850 1908 1061 1974 amicitiarum
1077 1908 1261 1993 religionem
1277 1914 1309 1973 et
1325 1926 1394 1975 con-

267 2014 489 2098 sanguinitatis
522 2013 649 2078 uincula
676 2017 831 2079 secretum
861 2013 1068 2079 eonscientiae
1095 2016 1235 2097 patescat
1263 2012 1393 2081 bosonis,

268 2119 304 2192 si,
329 2136 401 2182 oum
422 2116 520 2198 possis
554 2115 719 2198 dupliciter
751 2116 934 2180 defunctum
954 2114 1036 2194 flere,
1068 2134 1130 2180 non
1153 2116 1258 2197 facias,
1282 2114 1393 2190 idest

268 2222 296 2286 si
320 2219 480 2284 oculorum
502 2217 677 2283 ministerio
699 2238 894 2301 nequaquam
928 2219 1037 2303 iungas
1060 2220 1122 2284 oris
1145 2218 1293 2283 officium.
1332 2214 1425 2297 ubi,1o

269 2324 344 2387 dum
379 2321 500 2387 lumina
532 2322 669 2386 stimulis
697 2324 769 2387 acta
797 2322 911 2388 doloris
944 2322 1154 2399 inlacrimant,
1190 2320 1304 2387 feriata
1333 2318 1396 2383 sint

268 2425 366 2492 uerba
380 2424 584 2507 plangentis?
605 2426 660 2490 sed
675 2444 742 2509 ego,
766 2424 931 2489 hominum
946 2424 1165 2501 sincerissime,
1182 2423 1235 2506 qui
1250 2422 1396 2487 tristitiae

267 2533 344 2593 tuae
377 2528 558 2610 obsequium
592 2527 731 2593 inomni
755 2528 960 2612 debeoparte
992 2548 1054 2610 qua
1086 2528 1191 2605 ueleo,
1224 2544 1396 2591 maerorem

268 2648 384 2708 meum,
406 2630 439 2694 in
462 2648 522 2712 quo
545 2630 604 2693 tibi
626 2648 728 2695 comes
751 2648 831 2708 sum,
859 2630 946 2695 uolui
968 2630 1136 2712 scriptione
1159 2630 1279 2707 testari,
1302 2648 1343 2694 ne
1365 2626 1396 2689 in

268 2751 331 2797 una
352 2734 454 2797 aetate
477 2731 644 2796 effusarum
677 2734 915 2815 interciperetur
949 2732 1100 2798 memoria
1122 2733 1325 2797 lacrimarum
1348 2728 1427 2793 uela

267 2839 448 2904 aestimaret
470 2837 634 2919 posteritas
657 2855 707 2901 me
728 2835 761 2901 in
784 2836 842 2899 lilii
864 2837 911 2901 tui
934 2839 1034 2903 morte
1055 2838 1112 2902 hoc
1134 2837 1236 2902 solum
1252 2835 1397 2901 debuisse

268 2943 351 3024 quod
380 2940 470 3018 solui,
505 2941 622 3005 habens
643 2941 676 3005 in
698 2941 759 3005 hae
780 2942 832 3005 uia
854 2944 1099 3007 uenerandorum
1127 2942 1268 3024 exempla
1294 2939 1397 3021 ponti·

267 3043 373 3121 ticum,
396 3061 527 3126 quorum
550 3044 724 3109 imitatione
746 3043 956 3109 nobilitantur
977 3063 1053 3127 quos
1077 3048 1106 3109 in
1124 3046 1267 3109 umbram
1282 3040 1397 3109 merita

268 3146 495 3212 concluserunt.
541 3146 728 3212 Ambrosius
752 3151 856 3212 noster
879 3148 1079 3214 decedentem
1110 3166 1295 3230 germanum
1320 3146 1398 3210 teste

269 3249 447 3316 afflictionis
480 3266 554 3313 snae
587 3249 695 3315 libello
728 3252 909 3333 prosecutus
933 3256 990 3318 est.
1037 3271 1130 3334 quem
1152 3272 1223 3317 cum
1257 3250 1430 3315 recensebo

268 3356 375 3419 secuta
395 3353 508 3435 proles,
542 3357 573 3418 et
595 3353 755 3436 scriptoris
784 3356 861 3419 bene
883 3354 1026 3421 meminit
1048 3356 1080 3419 et
1102 3355 1134 3419 in
1158 3352 1263 3437 Satyri
1293 3352 1400 3417 fratris

318 3591 343 3645 Ι.
378 3590 439 3644 tii
455 3590 516 3644 inire
537 3591 563 3643 T
578 3591 745 3645 rlrmieeras.
849 3592 979 3646 imisit
1078 3594 1184 3661 putaret
1204 3591 1229 3643 Τ
1327 3588 1402 3644 flem-

267 3676 362 3731 tusB¹
456 3676 652 3745 dloquellaeB
746 3677 890 3731 ‘lucernata
902 3677 956 3731 PT
1046 3678 1177 3732 Buineela
1190 3675 1244 3730 Lu
1257 3691 1333 3731 erae.

269 3782 386 3849 patierat
402 3780 431 3833 Β
533 3780 1080 3835 asi-leeiasmn.13¹acld.eorr.s.t
1184 3778 1279 3865 deflere
1308 3779 1337 3832 Τ

269 3886 302 3940 10
319 3884 435 3939 officiam
457 3884 484 3937 V
498 3898 540 3938 cm
557 3885 590 3937 in
608 3900 653 3937 um
671 3901 740 3939 corr.
759 3889 828 3938 m.1
933 3885 966 3938 11
985 3884 1102 3938 stimolis
1120 3884 1155 3949 Β,
1182 3882 1283 3951 studijs
1304 3883 1336 3936 P

266 3973 332 4024 sunt
351 3970 436 4028 Sim.
542 3969 576 4023 la
592 3970 766 4024 sinciriesime
785 3971 813 4023 B
917 3971 949 4023 13
967 3984 1021 4039 qua
1039 3970 1081 4035 B,
1108 3968 1180 4037 quod
1196 3966 1310 4023 LPTV
1327 3973 1355 4033 (o
1374 3970 1402 4022 io

270 4055 298 4110 V
312 4056 345 4109 ia
362 4072 418 4111 rua.
436 4058 516 4121 nal)
620 4072 748 4109 merorem
776 4056 912 4111 BLPTV
1013 4054 1047 4109 14
1072 4055 1155 4110 comis
1184 4054 1211 4107 Β
1319 4054 1404 4108 serib-

266 4139 340 4194 tiono
357 4141 394 4207 B,
413 4140 656 4210 subscriptioncT
749 4143 782 4196 16
794 4140 834 4195 fili
847 4141 874 4196 B
972 4143 1004 4195 17
1016 4142 1098 4196 habes
1114 4142 1140 4195 Τ
1234 4138 1267 4193 18
1284 4138 1405 4193 nobilis·

266 4229 362 4279 tantur
389 4227 418 4279 Β
520 4228 555 4281 20
581 4227 741 4282 cnm-bene
760 4242 810 4283 om.
827 4226 865 4279 B¹
891 4243 969 4296 quem
997 4226 1157 4281 eum—bene
1183 4225 1312 4279 meminit
1338 4224 1404 4280 add.

266 4326 336 4367 corr.
354 4326 378 4365 s.
395 4311 415 4365 t
433 4318 459 4366 et
476 4327 556 4381 quem
573 4313 697 4367 meminit
714 4329 779 4383 exp.
884 4316 997 4367 recensit
1014 4312 1043 4367 Β
1145 4312 1178 4366 21
1199 4312 1286 4365 saturi
1311 4312 1340 4365 Τ
